@article{khatoon2019efficient,
  title={An efficient method to detect communities in social networks using DBSCAN algorithm},
  author={Khatoon, Mehjabin and Banu, W Aisha},
  journal={Social Network Analysis and Mining},
  volume={9},
  number={1},
  pages={9},
  year={2019},
  publisher={Springer}
}
@article{shuo2016discussion,
	title={Discussion of the community detection algorithm based on statistical inference},
	author={Shuo, Liangxun and Chai, Bianfang},
	journal={Perspectives in Science},
	volume={7},
	pages={122--125},
	year={2016},
	publisher={Elsevier}
}
@inproceedings{gialampoukidis2016community,
	title={Community detection in complex networks based on DBSCAN* and a Martingale process},
	author={Gialampoukidis, Ilias and Tsikrika, Theodora and Vrochidis, Stefanos and Kompatsiaris, Ioannis},
	booktitle={2016 11th International Workshop on Semantic and Social Media Adaptation and Personalization (SMAP)},
	pages={1--6},
	year={2016},
	organization={IEEE}
}
@inproceedings{elbarawy2014improving,
	title={Improving social network community detection using DBSCAN algorithm},
	author={ElBarawy, Yomna M and Mohamed, Ramadan F and Ghali, Neveen I},
	booktitle={2014 World Symposium on Computer Applications \& Research (WSCAR)},
	pages={1--6},
	year={2014},
	organization={IEEE}
}
@inproceedings{gialampoukidis2016community,
	title={Community detection in complex networks based on DBSCAN* and a Martingale process},
	author={Gialampoukidis, Ilias and Tsikrika, Theodora and Vrochidis, Stefanos and Kompatsiaris, Ioannis},
	booktitle={2016 11th International Workshop on Semantic and Social Media Adaptation and Personalization (SMAP)},
	pages={1--6},
	year={2016},
	organization={IEEE}
}
@article{you2015community,
	title={Community Detection in Complex Networks Using Density-based Clustering Algorithm},
	author={You, Tao and Shia, Ben-Chang and Zhang, Zhong-Yuan},
	journal={arXiv preprint arXiv:1512.07827},
	year={2015}
}

@article{tu2017network,
	title={Network representation learning: an overview},
	author={TU, Cunchao and YANG, Cheng and LIU, Zhiyuan and SUN, Maosong},
	journal={SCIENTIA SINICA Informationis},
	volume={47},
	number={8},
	pages={980--996},
	year={2017},
	publisher={Science China Press}
}

@inproceedings{mairal2009supervised,
	title={Supervised dictionary learning},
	author={Mairal, Julien and Ponce, Jean and Sapiro, Guillermo and Zisserman, Andrew and Bach, Francis R},
	booktitle={Advances in neural information processing systems},
	pages={1033--1040},
	year={2009}
}
@article{zhu2012medlda,
	title={MedLDA: maximum margin supervised topic models},
	author={Zhu, Jun and Ahmed, Amr and Xing, Eric P},
	journal={Journal of Machine Learning Research},
	volume={13},
	number={Aug},
	pages={2237--2278},
	year={2012}
}
@inproceedings{rahimi2008random,
	title={Random features for large-scale kernel machines},
	author={Rahimi, Ali and Recht, Benjamin},
	booktitle={Advances in neural information processing systems},
	pages={1177--1184},
	year={2008}
}
@article{salakhutdinov2009semantic,
	title={Semantic hashing},
	author={Salakhutdinov, Ruslan and Hinton, Geoffrey},
	journal={International Journal of Approximate Reasoning},
	volume={50},
	number={7},
	pages={969--978},
	year={2009},
	publisher={Elsevier}
}
@inproceedings{song2009scalable,
title={Scalable proximity estimation and link prediction in online social networks},
author={Song, Han Hee and Cho, Tae Won and Dave, Vacha and Zhang, Yin and Qiu, Lili},
booktitle={Proceedings of the 9th ACM SIGCOMM conference on Internet measurement},
pages={322--335},
year={2009},
organization={ACM}
}
@article{hinton2006reducing,
title={Reducing the dimensionality of data with neural networks},
author={Hinton, Geoffrey E and Salakhutdinov, Ruslan R},
journal={science},
volume={313},
number={5786},
pages={504--507},
year={2006},
publisher={American Association for the Advancement of Science}
}
@inproceedings{zhang2016homophily,
title={Homophily, structure, and content augmented network representation learning},
author={Zhang, Daokun and Yin, Jie and Zhu, Xingquan and Zhang, Chengqi},
booktitle={Data Mining (ICDM), 2016 IEEE 16th International Conference on},
pages={609--618},
year={2016},
organization={IEEE}
}
@inproceedings{mikolov2013distributed,
title={Distributed representations of words and phrases and their compositionality},
author={Mikolov, Tomas and Sutskever, Ilya and Chen, Kai and Corrado, Greg S and Dean, Jeff},
booktitle={Advances in neural information processing systems},
pages={3111--3119},
year={2013}
}
@article{mikolov2013efficient,
	title={Efficient estimation of word representations in vector space},
	author={Mikolov, Tomas and Chen, Kai and Corrado, Greg and Dean, Jeffrey},
	journal={arXiv preprint arXiv:1301.3781},
	year={2013}
}

@article{natarajan2014inductive,
	title={Inductive matrix completion for predicting gene--disease associations},
	author={Natarajan, Nagarajan and Dhillon, Inderjit S},
	journal={Bioinformatics},
	volume={30},
	number={12},
	pages={i60--i68},
	year={2014},
	publisher={Oxford University Press}
}

@inproceedings{yang2015network,
	title={Network Representation Learning with Rich Text Information.},
	author={Yang, Cheng and Liu, Zhiyuan and Zhao, Deli and Sun, Maosong and Chang, Edward Y},
	booktitle={IJCAI},
	pages={2111--2117},
	year={2015}
}

@inproceedings{tang2015pte,
	title={Pte: Predictive text embedding through large-scale heterogeneous text networks},
	author={Tang, Jian and Qu, Meng and Mei, Qiaozhu},
	booktitle={Proceedings of the 21th ACM SIGKDD International Conference on Knowledge Discovery and Data Mining},
	pages={1165--1174},
	year={2015},
	organization={ACM}
}

@inproceedings{chang2015heterogeneous,
	title={Heterogeneous network embedding via deep architectures},
	author={Chang, Shiyu and Han, Wei and Tang, Jiliang and Qi, Guo-Jun and Aggarwal, Charu C and Huang, Thomas S},
	booktitle={Proceedings of the 21th ACM SIGKDD International Conference on Knowledge Discovery and Data Mining},
	pages={119--128},
	year={2015},
	organization={ACM}
}

@inproceedings{cao2016deep,
	title={Deep Neural Networks for Learning Graph Representations.},
	author={Cao, Shaosheng and Lu, Wei and Xu, Qiongkai},
	booktitle={AAAI},
	pages={1145--1152},
	year={2016}
}
@inproceedings{ou2016asymmetric,
	title={Asymmetric transitivity preserving graph embedding},
	author={Ou, Mingdong and Cui, Peng and Pei, Jian and Zhang, Ziwei and Zhu, Wenwu},
	booktitle={Proceedings of the 22nd ACM SIGKDD international conference on Knowledge discovery and data mining},
	pages={1105--1114},
	year={2016},
	organization={ACM}
}
@article{yang2016revisiting,
	title={Revisiting semi-supervised learning with graph embeddings},
	author={Yang, Zhilin and Cohen, William W and Salakhutdinov, Ruslan},
	journal={arXiv preprint arXiv:1603.08861},
	year={2016}
}
@article{zhao2016learning,
title={Learning content--social influential features for influence analysis},
author={Zhao, Na and Zhang, Hanwang and Wang, Meng and Hong, Richang and Chua, Tat-Seng},
journal={International Journal of Multimedia Information Retrieval},
volume={5},
number={3},
pages={137--149},
year={2016},
publisher={Springer}
}
@inproceedings{wang2016structural,
	title={Structural deep network embedding},
	author={Wang, Daixin and Cui, Peng and Zhu, Wenwu},
	booktitle={Proceedings of the 22nd ACM SIGKDD international conference on Knowledge discovery and data mining},
	pages={1225--1234},
	year={2016},
	organization={ACM}
}
@article{borji2017human,
	title={Human-like Clustering with Deep Convolutional Neural Networks},
	author={Borji, Ali and Dundar, Aysegul},
	journal={arXiv preprint arXiv:1706.05048},
	year={2017}
}


@article{vincent2010stacked,
	title={Stacked denoising autoencoders: Learning useful representations in a deep network with a local denoising criterion},
	author={Vincent, Pascal and Larochelle, Hugo and Lajoie, Isabelle and Bengio, Yoshua and Manzagol, Pierre-Antoine},
	journal={Journal of Machine Learning Research},
	volume={11},
	number={Dec},
	pages={3371--3408},
	year={2010}
}



@article{salakhutdinov2009semantic,
	title={Semantic hashing},
	author={Salakhutdinov, Ruslan and Hinton, Geoffrey},
	journal={International Journal of Approximate Reasoning},
	volume={50},
	number={7},
	pages={969--978},
	year={2009},
	publisher={Elsevier}
}

@article{hinton2006reducing,
	title={Reducing the dimensionality of data with neural networks},
	author={Hinton, Geoffrey E and Salakhutdinov, Ruslan R},
	journal={science},
	volume={313},
	number={5786},
	pages={504--507},
	year={2006},
	publisher={American Association for the Advancement of Science}
}
@inproceedings{wang2016paired,
title={Paired restricted boltzmann machine for linked data},
author={Wang, Suhang and Tang, Jiliang and Morstatter, Fred and Liu, Huan},
booktitle={Proceedings of the 25th ACM International on Conference on Information and Knowledge Management},
pages={1753--1762},
year={2016},
organization={ACM}
}
@inproceedings{wang2016linked,
title={Linked document embedding for classification},
author={Wang, Suhang and Tang, Jiliang and Aggarwal, Charu and Liu, Huan},
booktitle={Proceedings of the 25th ACM International on Conference on Information and Knowledge Management},
pages={115--124},
year={2016},
organization={ACM}
}
@article{pan2016tri,
title={Tri-party deep network representation},
author={Pan, Shirui and Wu, Jia and Zhu, Xingquan and Zhang, Chengqi and Wang, Yang},
journal={Network},
volume={11},
number={9},
pages={12},
year={2016}
}

@inproceedings{zhang2016tline,
	title={TLINE: Scalable transductive network embedding},
	author={Zhang, Xia and Chen, Weizheng and Yan, Hongfei},
	booktitle={Asia Information Retrieval Symposium},
	pages={98--110},
	year={2016},
	organization={Springer}
}

@inproceedings{xiong2017explicit,
	title={Explicit semantic ranking for academic search via knowledge graph embedding},
	author={Xiong, Chenyan and Power, Russell and Callan, Jamie},
	booktitle={Proceedings of the 26th international conference on world wide web},
	pages={1271--1279},
	year={2017},
	organization={International World Wide Web Conferences Steering Committee}
}
@inproceedings{yang2016multi,
title={Multi-Modal Bayesian Embeddings for Learning Social Knowledge Graphs.},
author={Yang, Zhilin and Tang, Jie and Cohen, William W},
booktitle={IJCAI},
pages={2287--2293},
year={2016}
}

@article{wang2017topological,
	title={Topological recurrent neural network for diffusion prediction},
	author={Wang, Jia and Zheng, Vincent W and Liu, Zemin and Chang, Kevin Chen-Chuan},
	journal={arXiv preprint arXiv:1711.10162},
	year={2017}
}
@inproceedings{yao2017incorporating,
title={Incorporating Knowledge Graph Embeddings into Topic Modeling.},
author={Yao, Liang and Zhang, Yin and Wei, Baogang and Jin, Zhe and Zhang, Rui and Zhang, Yangyang and Chen, Qinfei},
booktitle={AAAI},
pages={3119--3126},
year={2017}
}

@inproceedings{li2017deepcas,
	title={DeepCas: An end-to-end predictor of information cascades},
	author={Li, Cheng and Ma, Jiaqi and Guo, Xiaoxiao and Mei, Qiaozhu},
	booktitle={Proceedings of the 26th International Conference on World Wide Web},
	pages={577--586},
	year={2017},
	organization={International World Wide Web Conferences Steering Committee}
}

@article{yang2016revisiting,
	title={Revisiting semi-supervised learning with graph embeddings},
	author={Yang, Zhilin and Cohen, William W and Salakhutdinov, Ruslan},
	journal={arXiv preprint arXiv:1603.08861},
	year={2016}
}

@inproceedings{wang2016text,
	title={Text-Enhanced Representation Learning for Knowledge Graph.},
	author={Wang, Zhigang and Li, Juan-Zi},
	booktitle={IJCAI},
	pages={1293--1299},
	year={2016}
}


@inproceedings{xiao2017ssp,
	title={SSP: Semantic Space Projection for Knowledge Graph Embedding with Text Descriptions.},
	author={Xiao, Han and Huang, Minlie and Meng, Lian and Zhu, Xiaoyan},
	booktitle={AAAI},
	volume={17},
	pages={3104--3110},
	year={2017}
}

@inproceedings{le2014probabilistic,
	title={Probabilistic latent document network embedding},
	author={Le, Tuan MV and Lauw, Hady W},
	booktitle={Data Mining (ICDM), 2014 IEEE International Conference on},
	pages={270--279},
	year={2014},
	organization={IEEE}
}
@inproceedings{tu2016max,
	title={Max-Margin DeepWalk: Discriminative Learning of Network Representation.},
	author={Tu, Cunchao and Zhang, Weicheng and Liu, Zhiyuan and Sun, Maosong},
	booktitle={IJCAI},
	pages={3889--3895},
	year={2016}
}
@inproceedings{niepert2016learning,
	title={Learning convolutional neural networks for graphs},
	author={Niepert, Mathias and Ahmed, Mohamed and Kutzkov, Konstantin},
	booktitle={International conference on machine learning},
	pages={2014--2023},
	year={2016}
}
@inproceedings{wei2017cross,
title={Cross view link prediction by learning noise-resilient representation consensus},
author={Wei, Xiaokai and Xu, Linchuan and Cao, Bokai and Yu, Philip S},
booktitle={Proceedings of the 26th International Conference on World Wide Web},
pages={1611--1619},
year={2017},
organization={International World Wide Web Conferences Steering Committee}
}
@inproceedings{nikolentzos2017matching,
title={Matching Node Embeddings for Graph Similarity.},
author={Nikolentzos, Giannis and Meladianos, Polykarpos and Vazirgiannis, Michalis},
booktitle={AAAI},
pages={2429--2435},
year={2017}
}
@inproceedings{dai2016discriminative,
title={Discriminative embeddings of latent variable models for structured data},
author={Dai, Hanjun and Dai, Bo and Song, Le},
booktitle={International Conference on Machine Learning},
pages={2702--2711},
year={2016}
}
@inproceedings{xie2016representation,
title={Representation Learning of Knowledge Graphs with Hierarchical Types.},
author={Xie, Ruobing and Liu, Zhiyuan and Sun, Maosong},
booktitle={IJCAI},
pages={2965--2971},
year={2016}
}
@inproceedings{guo2015semantically,
title={Semantically smooth knowledge graph embedding},
author={Guo, Shu and Wang, Quan and Wang, Bin and Wang, Lihong and Guo, Li},
booktitle={Proceedings of the 53rd Annual Meeting of the Association for Computational Linguistics and the 7th International Joint Conference on Natural Language Processing (Volume 1: Long Papers)},
volume={1},
pages={84--94},
year={2015}
}


@inproceedings{li2016discriminative,
	title={Discriminative deep random walk for network classification},
	author={Li, Juzheng and Zhu, Jun and Zhang, Bo},
	booktitle={Proceedings of the 54th Annual Meeting of the Association for Computational Linguistics (Volume 1: Long Papers)},
	volume={1},
	pages={1004--1013},
	year={2016}
}
@inproceedings{bollacker2008freebase,
	title={Freebase: a collaboratively created graph database for structuring human knowledge},
	author={Bollacker, Kurt and Evans, Colin and Paritosh, Praveen and Sturge, Tim and Taylor, Jamie},
	booktitle={Proceedings of the 2008 ACM SIGMOD international conference on Management of data},
	pages={1247--1250},
	year={2008},
	organization={AcM}
}
@article{shervashidze2011weisfeiler,
	title={Weisfeiler-lehman graph kernels},
	author={Shervashidze, Nino and Schweitzer, Pascal and Leeuwen, Erik Jan van and Mehlhorn, Kurt and Borgwardt, Karsten M},
	journal={Journal of Machine Learning Research},
	volume={12},
	number={Sep},
	pages={2539--2561},
	year={2011}
}
@article{wu2016learning,
	title={Learning of multimodal representations with random walks on the click graph},
	author={Wu, Fei and Lu, Xinyan and Song, Jun and Yan, Shuicheng and Zhang, Zhongfei Mark and Rui, Yong and Zhuang, Yueting},
	journal={IEEE Transactions on Image Processing},
	volume={25},
	number={2},
	pages={630--642},
	year={2016},
	publisher={IEEE}
}

@inproceedings{wang2016structural,
	title={Structural deep network embedding},
	author={Wang, Daixin and Cui, Peng and Zhu, Wenwu},
	booktitle={Proceedings of the 22nd ACM SIGKDD international conference on Knowledge discovery and data mining},
	pages={1225--1234},
	year={2016},
	organization={ACM}
}

@article{leskovec2007graph,
	title={Graph evolution: Densification and shrinking diameters},
	author={Leskovec, Jure and Kleinberg, Jon and Faloutsos, Christos},
	journal={ACM Transactions on Knowledge Discovery from Data (TKDD)},
	volume={1},
	number={1},
	pages={2},
	year={2007},
	publisher={ACM}
}
@inproceedings{tang2008arnetminer,
	title={Arnetminer: extraction and mining of academic social networks},
	author={Tang, Jie and Zhang, Jing and Yao, Limin and Li, Juanzi and Zhang, Li and Su, Zhong},
	booktitle={Proceedings of the 14th ACM SIGKDD international conference on Knowledge discovery and data mining},
	pages={990--998},
	year={2008},
	organization={ACM}
}
@inproceedings{nandanwar2016structural,
	title={Structural neighborhood based classification of nodes in a network},
	author={Nandanwar, Sharad and Murty, M Narasimha},
	booktitle={Proceedings of the 22nd ACM SIGKDD International Conference on Knowledge Discovery and Data Mining},
	pages={1085--1094},
	year={2016},
	organization={ACM}
}

@inproceedings{feng2016gake,
	title={GAKE: Graph aware knowledge embedding},
	author={Feng, Jun and Huang, Minlie and Yang, Yang and others},
	booktitle={Proceedings of COLING 2016, the 26th International Conference on Computational Linguistics: Technical Papers},
	pages={641--651},
	year={2016}
}
@inproceedings{wu2015structured,
	title={Structured Embedding via Pairwise Relations and Long-Range Interactions in Knowledge Base.},
	author={Wu, Fei and Song, Jun and Yang, Yi and Li, Xi and Zhongfei (Mark) Zhang and Zhuang, Yueting},
	booktitle={AAAI},
	pages={1663--1670},
	year={2015}
}
@article{kipf2016semi,
	title={Semi-supervised classification with graph convolutional networks},
	author={Kipf, Thomas N and Welling, Max},
	journal={arXiv preprint arXiv:1609.02907},
	year={2016}
}

@inproceedings{tu2017cane,
	title={Cane: Context-aware network embedding for relation modeling},
	author={Tu, Cunchao and Liu, Han and Liu, Zhiyuan and Sun, Maosong},
	booktitle={Proceedings of the 55th Annual Meeting of the Association for Computational Linguistics (Volume 1: Long Papers)},
	volume={1},
	pages={1722--1731},
	year={2017}
}
@inproceedings{yang2017fast,
	title={Fast network embedding enhancement via high order proximity approximation},
	author={Yang, Cheng and Sun, Maosong and Liu, Zhiyuan and Tu, Cunchao},
	booktitle={Proceedings of the Twenty-Sixth International Joint Conference on Artificial Intelligence, IJCAI},
	pages={19--25},
	year={2017}
}
@inproceedings{tu2017transnet,
	title={TransNet: translation-based network representation learning for social relation extraction},
	author={Tu, Cunchao and Zhang, Zhengyan and Liu, Zhiyuan and Sun, Maosong},
	booktitle={Proceedings of International Joint Conference on Artificial Intelligence (IJCAI), Melbourne},
	year={2017}
}
@inproceedings{dong2017metapath2vec,
	title={metapath2vec: Scalable representation learning for heterogeneous networks},
	author={Dong, Yuxiao and Chawla, Nitesh V and Swami, Ananthram},
	booktitle={Proceedings of the 23rd ACM SIGKDD International Conference on Knowledge Discovery and Data Mining},
	pages={135--144},
	year={2017},
	organization={ACM}
}
@inproceedings{ye2017learning,
	title={Learning from Labeled and Unlabeled Vertices in Networks},
	author={Ye, Wei and Zhou, Linfei and Mautz, Dominik and Plant, Claudia and B{\"o}hm, Christian},
	booktitle={Proceedings of the 23rd ACM SIGKDD International Conference on Knowledge Discovery and Data Mining},
	pages={1265--1274},
	year={2017},
	organization={ACM}
}
@inproceedings{ribeiro2017struc2vec,
	title={struc2vec: Learning node representations from structural identity},
	author={Ribeiro, Leonardo FR and Saverese, Pedro HP and Figueiredo, Daniel R},
	booktitle={Proceedings of the 23rd ACM SIGKDD International Conference on Knowledge Discovery and Data Mining},
	pages={385--394},
	year={2017},
	organization={ACM}
}
@inproceedings{huang2017label,
	title={Label informed attributed network embedding},
	author={Huang, Xiao and Li, Jundong and Hu, Xia},
	booktitle={Proceedings of the Tenth ACM International Conference on Web Search and Data Mining},
	pages={731--739},
	year={2017},
	organization={ACM}
}
@inproceedings{huang2017accelerated,
	title={Accelerated attributed network embedding},
	author={Huang, Xiao and Li, Jundong and Hu, Xia},
	booktitle={Proceedings of the 2017 SIAM International Conference on Data Mining},
	pages={633--641},
	year={2017},
	organization={SIAM}
}
@inproceedings{hamilton2017inductive,
	title={Inductive representation learning on large graphs},
	author={Hamilton, Will and Ying, Zhitao and Leskovec, Jure},
	booktitle={Advances in Neural Information Processing Systems},
	pages={1025--1035},
	year={2017}
}
@inproceedings{zhang2017name,
	title={Name disambiguation in anonymized graphs using network embedding},
	author={Zhang, Baichuan and Al Hasan, Mohammad},
	booktitle={Proceedings of the 2017 ACM on Conference on Information and Knowledge Management},
	pages={1239--1248},
	year={2017},
	organization={ACM}
}
@inproceedings{lyu2017enhancing,
	title={Enhancing the Network Embedding Quality with Structural Similarity},
	author={Lyu, Tianshu and Zhang, Yuan and Zhang, Yan},
	booktitle={Proceedings of the 2017 ACM on Conference on Information and Knowledge Management},
	pages={147--156},
	year={2017},
	organization={ACM}
}
@inproceedings{wang2017attributed,
	title={Attributed signed network embedding},
	author={Wang, Suhang and Aggarwal, Charu and Tang, Jiliang and Liu, Huan},
	booktitle={Proceedings of the 2017 ACM on Conference on Information and Knowledge Management},
	pages={137--146},
	year={2017},
	organization={ACM}
}
@inproceedings{li2017attributed,
	title={Attributed network embedding for learning in a dynamic environment},
	author={Li, Jundong and Dani, Harsh and Hu, Xia and Tang, Jiliang and Chang, Yi and Liu, Huan},
	booktitle={Proceedings of the 2017 ACM on Conference on Information and Knowledge Management},
	pages={387--396},
	year={2017},
	organization={ACM}
}
@inproceedings{fu2017hin2vec,
	title={HIN2Vec: Explore Meta-paths in Heterogeneous Information Networks for Representation Learning},
	author={Fu, Tao-yang and Lee, Wang-Chien and Lei, Zhen},
	booktitle={Proceedings of the 2017 ACM on Conference on Information and Knowledge Management},
	pages={1797--1806},
	year={2017},
	organization={ACM}
}
@inproceedings{yang2017properties,
	title={From Properties to Links: Deep Network Embedding on Incomplete Graphs},
	author={Yang, Dejian and Wang, Senzhang and Li, Chaozhuo and Zhang, Xiaoming and Li, Zhoujun},
	booktitle={Proceedings of the 2017 ACM on Conference on Information and Knowledge Management},
	pages={367--376},
	year={2017},
	organization={ACM}
}
@inproceedings{qu2017attention,
	title={An Attention-based Collaboration Framework for Multi-View Network Representation Learning},
	author={Qu, Meng and Tang, Jian and Shang, Jingbo and Ren, Xiang and Zhang, Ming and Han, Jiawei},
	booktitle={Proceedings of the 2017 ACM on Conference on Information and Knowledge Management},
	pages={1767--1776},
	year={2017},
	organization={ACM}
}
@article{bordes2014semantic,
	title={A semantic matching energy function for learning with multi-relational data},
	author={Bordes, Antoine and Glorot, Xavier and Weston, Jason and Bengio, Yoshua},
	journal={Machine Learning},
	volume={94},
	number={2},
	pages={233--259},
	year={2014},
	publisher={Springer}
}
@inproceedings{bordes2013translating,
	title={Translating embeddings for modeling multi-relational data},
	author={Bordes, Antoine and Usunier, Nicolas and Garcia-Duran, Alberto and Weston, Jason and Yakhnenko, Oksana},
	booktitle={Advances in neural information processing systems},
	pages={2787--2795},
	year={2013}
}
@inproceedings{zhang2017learning,
	title={Learning Node Embeddings in Interaction Graphs},
	author={Zhang, Yao and Xiong, Yun and Kong, Xiangnan and Zhu, Yangyong},
	booktitle={Proceedings of the 2017 ACM on Conference on Information and Knowledge Management},
	pages={397--406},
	year={2017},
	organization={ACM}
}
@inproceedings{bordes2011learning,
	title={Learning Structured Embeddings of Knowledge Bases.},
	author={Bordes, Antoine and Weston, Jason and Collobert, Ronan and Bengio, Yoshua and others},
	booktitle={AAAI},
	volume={6},
	number={1},
	pages={6},
	year={2011}
}


@inproceedings{zhou2017scalable,
	title={Scalable Graph Embedding for Asymmetric Proximity.},
	author={Zhou, Chang and Liu, Yuqiong and Liu, Xiaofei and Liu, Zhongyi and Gao, Jun},
	booktitle={AAAI},
	pages={2942--2948},
	year={2017}
}

@article{qiu2017network,
	title={Network Embedding as Matrix Factorization: UnifyingDeepWalk, LINE, PTE, and node2vec},
	author={Qiu, Jiezhong and Dong, Yuxiao and Ma, Hao and Li, Jian and Wang, Kuansan and Tang, Jie},
	journal={arXiv preprint arXiv:1710.02971},
	year={2017}
}
@article{huang2018exploring,
	title={Exploring Expert Cognition for Attributed Network Embedding},
	author={Huang, Xiao and Song, Qingquan and Li, Jundong and Hu, Xia},
	year={2018}
}
@article{wang2017shine,
	title={Shine: Signed heterogeneous information network embedding for sentiment link prediction},
	author={Wang, Hongwei and Zhang, Fuzheng and Hou, Min and Xie, Xing and Guo, Minyi and Liu, Qi},
	journal={arXiv preprint arXiv:1712.00732},
	year={2017}
}
@article{ma2018multi,
	title={Multi-Dimensional Network Embedding with Hierarchical Structure},
	author={Ma, Yao and Ren, Zhaochun and Jiang, Ziheng and Tang, Jiliang and Yin, Dawei},
	year={2018}
}
@inproceedings{qu2018curriculum,
	title={Curriculum Learning for Heterogeneous Star Network Embedding via Deep Reinforcement Learning},
	author={Qu, Meng and Tang, Jian and Han, Jiawei},
	booktitle={Proceedings of the Eleventh ACM International Conference on Web Search and Data Mining},
	pages={468--476},
	year={2018},
	organization={ACM}
}
@article{dai2017adversarial,
	title={Adversarial Network Embedding},
	author={Dai, Quanyu and Li, Qiang and Tang, Jian and Wang, Dan},
	journal={arXiv preprint arXiv:1711.07838},
	year={2017}
}
@article{ma2018depthlgp,
	title={DepthLGP: Learning Embeddings of Out-of-Sample Nodes in Dynamic Networks},
	author={Ma, Jianxin and Cui, Peng and Zhu, Wenwu},
	year={2018}
}
@inproceedings{chintalapudi2015survey,
	title={A survey on community detection algorithms in large scale real world networks},
	author={Chintalapudi, S Rao and Prasad, MHM Krishna},
	booktitle={Computing for Sustainable Global Development (INDIACom), 2015 2nd International Conference on},
	pages={1323--1327},
	year={2015},
	organization={IEEE}
}

@inproceedings{pourkazemi2013survey,
	title={A survey on community detection methods based on the nature of social networks},
	author={Pourkazemi, Maryam and Keyvanpour, Mohammadreza},
	booktitle={Computer and Knowledge Engineering (ICCKE), 2013 3th International eConference on},
	pages={114--120},
	year={2013},
	organization={IEEE}
}


@inproceedings{cao2016deep,
title={Deep Neural Networks for Learning Graph Representations.},
author={Cao, Shaosheng and Lu, Wei and Xu, Qiongkai},
booktitle={AAAI},
pages={1145--1152},
year={2016}
}

@article{gehrke2003overview,
title={Overview of the 2003 KDD Cup},
author={Gehrke, Johannes and Ginsparg, Paul and Kleinberg, Jon},
journal={ACM SIGKDD Explorations Newsletter},
volume={5},
number={2},
pages={149--151},
year={2003},
publisher={ACM}
}
@inproceedings{tang2009scalable,
title={Scalable learning of collective behavior based on sparse social dimensions},
author={Tang, Lei and Liu, Huan},
booktitle={Proceedings of the 18th ACM conference on Information and knowledge management},
pages={1107--1116},
year={2009},
organization={ACM}
}

@article{zachary1977information,
title={An information flow model for conflict and fission in small groups},
author={Zachary, Wayne W},
journal={Journal of anthropological research},
volume={33},
number={4},
pages={452--473},
year={1977},
publisher={University of New Mexico}
}

@book{xu2008clustering,
title={Clustering},
author={Xu, Rui and Wunsch, Don},
volume={10},
year={2008},
publisher={John Wiley \& Sons}
}
@article{jain1999data,
title={Data clustering: a review},
author={Jain, Anil K and Murty, M Narasimha and Flynn, Patrick J},
journal={ACM computing surveys (CSUR)},
volume={31},
number={3},
pages={264--323},
year={1999},
publisher={Acm}
}

@article{zhou2005dynamic,
	title={Dynamic pattern evolution on scale-free networks},
	author={Zhou, Haijun and Lipowsky, Reinhard},
	journal={Proceedings of the National Academy of Sciences of the United States of America},
	volume={102},
	number={29},
	pages={10052--10057},
	year={2005},
	publisher={National Acad Sciences}
}

@article{rosvall2014m,
	title={M. Rosvall, AV Esquivel, A. Lancichinetti, JD West, and R. Lambiotte, Nat. Commun. 5, 4630 (2014).},
	author={Rosvall, M},
	journal={Nat. Commun.},
	volume={5},
	pages={4630},
	year={2014}
}

@article{brin1998anatomy,
	title={The anatomy of a large-scale hypertextual web search engine},
	author={Brin, Sergey and Page, Lawrence},
	journal={Computer networks and ISDN systems},
	volume={30},
	number={1-7},
	pages={107--117},
	year={1998},
	publisher={Elsevier}
}
@article{zhou2003network,
	title={Network landscape from a Brownian particle’s perspective},
	author={Zhou, Haijun},
	journal={Physical Review E},
	volume={67},
	number={4},
	pages={041908},
	year={2003},
	publisher={APS}
}






@book{grunwald2005advances,
title={Advances in minimum description length: Theory and applications},
author={Gr{\"u}nwald, Peter D and Myung, In Jae and Pitt, Mark A},
year={2005},
publisher={MIT press}
}



@article{guimera2009missing,
title={Missing and spurious interactions and the reconstruction of complex networks},
author={Guimer{\`a}, Roger and Sales-Pardo, Marta},
journal={Proceedings of the National Academy of Sciences},
volume={106},
number={52},
pages={22073--22078},
year={2009},
publisher={National Acad Sciences}
}
@inproceedings{ding2001min,
title={A min-max cut algorithm for graph partitioning and data clustering},
author={Ding, Chris HQ and He, Xiaofeng and Zha, Hongyuan and Gu, Ming and Simon, Horst D},
booktitle={Data Mining, 2001. ICDM 2001, Proceedings IEEE International Conference on},
pages={107--114},
year={2001},
organization={IEEE}
}
@article{khan2017network,
title={Network Community Detection: A Review and Visual Survey},
author={Khan, Bisma S and Niazi, Muaz A},
journal={arXiv preprint arXiv:1708.00977},
year={2017}
}

@article{schaeffer2007graph,
	title={Graph clustering},
	author={Schaeffer, Satu Elisa},
	journal={Computer science review},
	volume={1},
	number={1},
	pages={27--64},
	year={2007},
	publisher={Elsevier}
}


@incollection{parthasarathy2011community,
	title={Community discovery in social networks: Applications, methods and emerging trends},
	author={Parthasarathy, Srinivasan and Ruan, Yiye and Satuluri, Venu},
	booktitle={Social network data analytics},
	pages={79--113},
	year={2011},
	publisher={Springer}
}
@article{qiu2011framework,
	title={A framework for exploring organizational structure in dynamic social networks},
	author={Qiu, Jiangtao and Lin, Zhangxi},
	journal={Decision support systems},
	volume={51},
	number={4},
	pages={760--771},
	year={2011},
	publisher={Elsevier}
}

@inproceedings{bhatia2008statistical,
	title={Statistical approach for community mining in social networks},
	author={Bhatia, MPS and Gaur, Pankaj},
	booktitle={Service Operations and Logistics, and Informatics, 2008. IEEE/SOLI 2008. IEEE International Conference on},
	volume={1},
	pages={207--211},
	year={2008},
	organization={IEEE}
}
@inproceedings{yang2009multi,
	title={A multi-agent based decentralized algorithm for social network community mining},
	author={Yang, Bo and Huang, Jing and Liu, Dayou and Liu, Jiming},
	booktitle={Social Network Analysis and Mining, 2009. ASONAM'09. International Conference on Advances in},
	pages={78--82},
	year={2009},
	organization={IEEE}
}

@inproceedings{zhang2016tline,
	title={TLINE: Scalable transductive network embedding},
	author={Zhang, Xia and Chen, Weizheng and Yan, Hongfei},
	booktitle={Asia Information Retrieval Symposium},
	pages={98--110},
	year={2016},
	organization={Springer}
}
@inproceedings{chen2016incorporate,
	title={Incorporate group information to enhance network embedding},
	author={Chen, Jifan and Zhang, Qi and Huang, Xuanjing},
	booktitle={Proceedings of the 25th ACM International on Conference on Information and Knowledge Management},
	pages={1901--1904},
	year={2016},
	organization={ACM}
}
@inproceedings{zhou2017scalable,
	title={Scalable Graph Embedding for Asymmetric Proximity.},
	author={Zhou, Chang and Liu, Yuqiong and Liu, Xiaofei and Liu, Zhongyi and Gao, Jun},
	booktitle={AAAI},
	pages={2942--2948},
	year={2017}
}
@inproceedings{li2016discriminative,
	title={Discriminative deep random walk for network classification},
	author={Li, Juzheng and Zhu, Jun and Zhang, Bo},
	booktitle={Proceedings of the 54th Annual Meeting of the Association for Computational Linguistics (Volume 1: Long Papers)},
	volume={1},
	pages={1004--1013},
	year={2016}
}
@inproceedings{ou2016asymmetric,
	title={Asymmetric transitivity preserving graph embedding},
	author={Ou, Mingdong and Cui, Peng and Pei, Jian and Zhang, Ziwei and Zhu, Wenwu},
	booktitle={Proceedings of the 22nd ACM SIGKDD international conference on Knowledge discovery and data mining},
	pages={1105--1114},
	year={2016},
	organization={ACM}
}

@inproceedings{li2009discovering,
	title={On discovering community trends in social networks},
	author={Li, Jian and Cheung, William K and Liu, Jiming and Li, CH},
	booktitle={Proceedings of the 2009 IEEE/WIC/ACM International Joint Conference on Web Intelligence and Intelligent Agent Technology-Volume 01},
	pages={230--237},
	year={2009},
	organization={IEEE Computer Society}
}
@inproceedings{cai2005mining,
	title={Mining hidden community in heterogeneous social networks},
	author={Cai, Deng and Shao, Zheng and He, Xiaofei and Yan, Xifeng and Han, Jiawei},
	booktitle={Proceedings of the 3rd international workshop on Link discovery},
	pages={58--65},
	year={2005},
	organization={ACM}
}

@article{sharma2009community,
	title={Community mining in signed social networks-an automated approach},
	author={Sharma, Tushar and Charls, Ankit and Singh, PramodKumar},
	journal={ICCEA09, Manila},
	volume={9},
	year={2009}
}

@article{adamcsek2006cfinder,
	title={CFinder: locating cliques and overlapping modules in biological networks},
	author={Adamcsek, Bal{\'a}zs and Palla, Gergely and Farkas, Ill{\'e}s J and Der{\'e}nyi, Imre and Vicsek, Tam{\'a}s},
	journal={Bioinformatics},
	volume={22},
	number={8},
	pages={1021--1023},
	year={2006},
	publisher={Oxford University Press}
}



@article{girvan2002community,
	title={Community structure in social and biological networks},
	author={Girvan, Michelle and Newman, Mark EJ},
	journal={Proceedings of the national academy of sciences},
	volume={99},
	number={12},
	pages={7821--7826},
	year={2002},
	publisher={National Acad Sciences}
}

@inproceedings{chen2008clustering,
	title={Clustering via Random Walk Hitting Time on Directed Graphs.},
	author={Chen, Mo and Liu, Jianzhuang and Tang, Xiaoou},
	booktitle={AAAI},
	volume={8},
	pages={616--621},
	year={2008}
}

@article{duch2005community,
	title={Community detection in complex networks using extremal optimization},
	author={Duch, Jordi and Arenas, Alex},
	journal={Physical review E},
	volume={72},
	number={2},
	pages={027104},
	year={2005},
	publisher={APS}
}
@inproceedings{long2007community,
	title={Community learning by graph approximation},
	author={Long, Bo and Xu, Xiaoyun and Zhang, Zhongfei and Philip, S Yu},
	booktitle={Data Mining, 2007. ICDM 2007. Seventh IEEE International Conference on},
	pages={232--241},
	year={2007},
	organization={IEEE}
}

@inproceedings{meilua2007clustering,
	title={Clustering by weighted cuts in directed graphs},
	author={Meil{\u{a}}, Marina and Pentney, William},
	booktitle={Proceedings of the 2007 SIAM international conference on data mining},
	pages={135--144},
	year={2007},
	organization={SIAM}
}
@article{lai2010extracting,
	title={Extracting weights from edge directions to find communities in directed networks},
	author={Lai, Darong and Lu, Hongtao and Nardini, Christine},
	journal={Journal of Statistical Mechanics: Theory and Experiment},
	volume={2010},
	number={06},
	pages={P06003},
	year={2010},
	publisher={IOP Publishing}
}

@inproceedings{chang2011partitioning,
	title={Partitioning directed graphs based on modularity and information flow},
	author={Chang, Yu-Teng and Pantazis, Dimitrios and Leahy, Richard M},
	booktitle={Biomedical Imaging: From Nano to Macro, 2011 IEEE International Symposium on},
	pages={1105--1108},
	year={2011},
	organization={IEEE}
}


@article{gleich2006hierarchical,
	title={Hierarchical directed spectral graph partitioning},
	author={Gleich, David},
	journal={Information Networks},
	year={2006}
}
@article{capocci2005detecting,
	title={Detecting communities in large networks},
	author={Capocci, Andrea and Servedio, Vito DP and Caldarelli, Guido and Colaiori, Francesca},
	journal={Physica A: Statistical Mechanics and its Applications},
	volume={352},
	number={2-4},
	pages={669--676},
	year={2005},
	publisher={Elsevier}
}


@inproceedings{duan2009community,
title={Community mining on dynamic weighted directed graphs},
author={Duan, Dongsheng and Li, Yuhua and Jin, Yanan and Lu, Zhengding},
booktitle={Proceedings of the 1st ACM international workshop on Complex networks meet information \& knowledge management},
pages={11--18},
year={2009},
organization={ACM}
}

@article{li2016knowledge,
title={A knowledge-based technique for initializing a genetic algorithm},
author={Li, Chao and Chu, Xiaogeng and Chen, Yingwu and Xing, Lining},
journal={Journal of Intelligent \& Fuzzy Systems},
number={Preprint},
pages={1--8},
year={2016},
publisher={IOS Press}
}
@article{ferrucci2013framework,
title={A framework for genetic algorithms based on hadoop},
author={Ferrucci, Filomena and Kechadi, M and Salza, Pasquale and Sarro, Federica and others},
journal={arXiv preprint arXiv:1312.0086},
year={2013}
}
@article{harik1999gambler,
title={The gambler's ruin problem, genetic algorithms, and the sizing of populations},
author={Harik, George and Cant{\'u}-Paz, Erick and Goldberg, David E and Miller, Brad L},
journal={Evolutionary Computation},
volume={7},
number={3},
pages={231--253},
year={1999},
publisher={MIT Press}
}
@inproceedings{dang2016emergence,
title={Emergence of diversity and its benefits for crossover in genetic algorithms},
author={Dang, Duc-Cuong and Friedrich, Tobias and K{\"o}tzing, Timo and Krejca, Martin S and Lehre, Per Kristian and Oliveto, Pietro S and Sudholt, Dirk and Sutton, Andrew M},
booktitle={International Conference on Parallel Problem Solving from Nature},
pages={890--900},
year={2016},
organization={Springer}
}

@inproceedings{de2016feature,
title={Feature Selection using Genetic Algorithm: An Analysis of the Bias-Property for One-Point Crossover},
author={de Paula, Lauro and Soares, Anderson S and de Lima, Telma Woerle and Coelho, Clarimar J},
booktitle={Proceedings of the 2016 on Genetic and Evolutionary Computation Conference Companion},
pages={1461--1462},
year={2016},
organization={ACM}
}
@inproceedings{de2016evolutionary,
title={Evolutionary computation: a unified approach},
author={De Jong, Kenneth},
booktitle={Proceedings of the 2016 on Genetic and Evolutionary Computation Conference Companion},
pages={185--199},
year={2016},
organization={ACM}
}
@article{zhang1916synopsizing,
title={Synopsizing "literature review" for scientific publications},
author={Zhang, Lin and Liu, Xiaozhong},
journal={IConference 2016 Proceedings},
year={2006},
publisher={iSchools}
}

@article{chen2010chem2bio2rdf,
title={Chem2Bio2RDF: a semantic framework for linking and data mining chemogenomic and systems chemical biology data},
author={Chen, Bin and Dong, Xiao and Jiao, Dazhi and Wang, Huijun and Zhu, Qian and Ding, Ying and Wild, David J},
journal={BMC bioinformatics},
volume={11},
number={1},
pages={255},
year={2010},
publisher={BioMed Central}
}
@article{dempster1977maximum,
title={Maximum likelihood from incomplete data via the EM algorithm},
author={Dempster, Arthur P and Laird, Nan M and Rubin, Donald B},
journal={Journal of the royal statistical society. Series B (methodological)},
pages={1--38},
year={1977},
publisher={JSTOR}
}
@book{gagniuc2017markov,
title={Markov Chains: From Theory to Implementation and Experimentation},
author={Gagniuc, Paul A},
year={2017},
publisher={John Wiley \& Sons}
}
@inproceedings{mikolov2010recurrent,
title={Recurrent neural network based language model.},
author={Mikolov, Tomas and Karafi{\'a}t, Martin and Burget, Lukas and Cernock{\`y}, Jan and Khudanpur, Sanjeev},
booktitle={Interspeech},
volume={2},
pages={3},
year={2010}
}

@incollection{bottou2010large,
	title={Large-scale machine learning with stochastic gradient descent},
	author={Bottou, L{\'e}on},
	booktitle={Proceedings of COMPSTAT'2010},
	pages={177--186},
	year={2010},
	publisher={Springer}
}

@article{zhao2013embeddability,
	title={On the embeddability of random walk distances},
	author={Zhao, Xiaohan and Chang, Adelbert and Sarma, Atish Das and Zheng, Haitao and Zhao, Ben Y},
	journal={Proceedings of the VLDB Endowment},
	volume={6},
	number={14},
	pages={1690--1701},
	year={2013},
	publisher={VLDB Endowment}
}

@inproceedings{man2016predict,
	title={Predict Anchor Links across Social Networks via an Embedding Approach.},
	author={Man, Tong and Shen, Huawei and Liu, Shenghua and Jin, Xiaolong and Cheng, Xueqi},
	booktitle={IJCAI},
	volume={16},
	pages={1823--1829},
	year={2016}
}
@article{pimentel2017unsupervised,
	title={Unsupervised and scalable algorithm for learning node representations},
	author={Pimentel, Tiago and Veloso, Adriano and Ziviani, Nivio},
	year={2017}
}


@inproceedings{ahmed2013distributed,
	title={Distributed large-scale natural graph factorization},
	author={Ahmed, Amr and Shervashidze, Nino and Narayanamurthy, Shravan and Josifovski, Vanja and Smola, Alexander J},
	booktitle={Proceedings of the 22nd international conference on World Wide Web},
	pages={37--48},
	year={2013},
	organization={ACM}
}

@inproceedings{jin2016predicting,
	title={Predicting user's multi-interests with network embedding in health-related topics},
	author={Jin, Zhipeng and Liu, Ruoran and Li, Qiudan and Zeng, Daniel D and Zhan, YongCheng and Wang, Lei},
	booktitle={Neural Networks (IJCNN), 2016 International Joint Conference on},
	pages={2568--2575},
	year={2016},
	organization={IEEE}
}

@inproceedings{liu2016aligning,
	title={Aligning Users across Social Networks Using Network Embedding.},
	author={Liu, Li and Cheung, William K and Li, Xin and Liao, Lejian},
	booktitle={IJCAI},
	pages={1774--1780},
	year={2016}
}



@inproceedings{paranjape2017motifs,
title={Motifs in temporal networks},
author={Paranjape, Ashwin and Benson, Austin R and Leskovec, Jure},
booktitle={Proceedings of the Tenth ACM International Conference on Web Search and Data Mining},
pages={601--610},
year={2017},
organization={ACM}
}
@article{ripeanu2002mapping,
title={Mapping the gnutella network: Properties of large-scale peer-to-peer systems and implications for system design},
author={Ripeanu, Matei and Foster, Ian and Iamnitchi, Adriana},
journal={arXiv preprint cs/0209028},
year={2002}
}
@inproceedings{kumar2016edge,
title={Edge weight prediction in weighted signed networks},
author={Kumar, Srijan and Spezzano, Francesca and Subrahmanian, VS and Faloutsos, Christos},
booktitle={Data Mining (ICDM), 2016 IEEE 16th International Conference on},
pages={221--230},
year={2016},
organization={IEEE}
}
@inproceedings{althoff2014howtoaskforafavor,
title={{How to Ask for a Favor: A Case Study on the Success of Altruistic Requests}},
author={Althoff, Tim and Danescu-Niculescu-Mizil, Cristian and Jurafsky, Dan},
booktitle={Proceedings of the International Conference on Weblogs and Social Media (ICWSM)},
year={2014}
}
 
@article{panzarasa2009patterns,
	title={Patterns and dynamics of users' behavior and interaction: Network analysis of an online community},
	author={Panzarasa, Pietro and Opsahl, Tore and Carley, Kathleen M},
	journal={Journal of the American Society for Information Science and Technology},
	volume={60},
	number={5},
	pages={911--932},
	year={2009},
	publisher={Wiley Online Library}
}




@inproceedings{takac2012data,
	title={Data analysis in public social networks},
	author={Takac, Lubos and Zabovsky, Michal},
	booktitle={International Scientific Conference and International Workshop Present Day Trends of Innovations},
	volume={1},
	number={6},
	year={2012}
}

@inproceedings{leskovec2005graphs,
	title={Graphs over time: densification laws, shrinking diameters and possible explanations},
	author={Leskovec, Jure and Kleinberg, Jon and Faloutsos, Christos},
	booktitle={Proceedings of the eleventh ACM SIGKDD international conference on Knowledge discovery in data mining},
	pages={177--187},
	year={2005},
	organization={ACM}
}
@article{kumpula2008sequential,
	title={Sequential algorithm for fast clique percolation},
	author={Kumpula, Jussi M and Kivel{\"a}, Mikko and Kaski, Kimmo and Saram{\"a}ki, Jari},
	journal={Physical Review E},
	volume={78},
	number={2},
	pages={026109},
	year={2008},
	publisher={APS}
}

@book{schutze2008introduction,
	title={Introduction to information retrieval},
	author={Sch{\"u}tze, Hinrich and Manning, Christopher D and Raghavan, Prabhakar},
	volume={39},
	year={2008},
	publisher={Cambridge University Press}
}

@book{lin2005foundations,
	title={Foundations and novel approaches in data mining},
	author={Lin, Tsau Young and Ohsuga, Setsuo and Liau, Churn-Jung and Hu, Xiaohua},
	volume={9},
	year={2005},
	publisher={Springer Science \& Business Media}
}

@inproceedings{artiles2007semeval,
	title={The semeval-2007 weps evaluation: Establishing a benchmark for the web people search task},
	author={Artiles, Javier and Gonzalo, Julio and Sekine, Satoshi},
	booktitle={Proceedings of the 4th International Workshop on Semantic Evaluations},
	pages={64--69},
	year={2007},
	organization={Association for Computational Linguistics}
}




@article{hubert1985comparing,
	title={Comparing partitions},
	author={Hubert, Lawrence and Arabie, Phipps},
	journal={Journal of classification},
	volume={2},
	number={1},
	pages={193--218},
	year={1985},
	publisher={Springer}
}


@article{strehl2002cluster,
	title={Cluster ensembles---a knowledge reuse framework for combining multiple partitions},
	author={Strehl, Alexander and Ghosh, Joydeep},
	journal={Journal of machine learning research},
	volume={3},
	number={Dec},
	pages={583--617},
	year={2002}
}

@article{meilua2007comparing,
	title={Comparing clusterings—an information based distance},
	author={Meil{\u{a}}, Marina},
	journal={Journal of multivariate analysis},
	volume={98},
	number={5},
	pages={873--895},
	year={2007},
	publisher={Elsevier}
}

@article{kraskov2005hierarchical,
	title={Hierarchical clustering using mutual information},
	author={Kraskov, Alexander and St{\"o}gbauer, Harald and Andrzejak, Ralph G and Grassberger, Peter},
	journal={EPL (Europhysics Letters)},
	volume={70},
	number={2},
	pages={278},
	year={2005},
	publisher={IOP Publishing}
}
@article{labatut2015generalised,
	title={Generalised measures for the evaluation of community detection methods},
	author={Labatut, Vincent},
	journal={International Journal of Social Network Mining},
	volume={2},
	number={1},
	pages={44--63},
	year={2015},
	publisher={Inderscience Publishers (IEL)}
}

@article{collins1988omega,
	title={Omega: A general formulation of the rand index of cluster recovery suitable for non-disjoint solutions},
	author={Collins, Linda M and Dent, Clyde W},
	journal={Multivariate Behavioral Research},
	volume={23},
	number={2},
	pages={231--242},
	year={1988},
	publisher={Taylor \& Francis}
}

@article{campello2007fuzzy,
	title={A fuzzy extension of the Rand index and other related indexes for clustering and classification assessment},
	author={Campello, Ricardo JGB},
	journal={Pattern Recognition Letters},
	volume={28},
	number={7},
	pages={833--841},
	year={2007},
	publisher={Elsevier}
}

@article{campello2010generalized,
	title={Generalized external indexes for comparing data partitions with overlapping categories},
	author={Campello, Ricardo JGB},
	journal={Pattern Recognition Letters},
	volume={31},
	number={9},
	pages={966--975},
	year={2010},
	publisher={Elsevier}
}
@article{newman2004analysis,
	title={Analysis of weighted networks},
	author={Newman, Mark EJ},
	journal={Physical review E},
	volume={70},
	number={5},
	pages={056131},
	year={2004},
	publisher={APS}
}

@article{kumpula2007limited,
	title={Limited resolution in complex network community detection with Potts model approach},
	author={Kumpula, Jussi M and Saram{\"a}ki, Jari and Kaski, Kimmo and Kert{\'e}sz, J{\'a}nos},
	journal={The European Physical Journal B},
	volume={56},
	number={1},
	pages={41--45},
	year={2007},
	publisher={Springer}
}
@article{massen2006thermodynamics,
	title={Thermodynamics of community structure},
	author={Massen, Claire P and Doye, Jonathan PK},
	journal={arXiv preprint cond-mat/0610077},
	year={2006}
}


@article{muff2005local,
	title={Local modularity measure for network clusterizations},
	author={Muff, Stefanie and Rao, Francesco and Caflisch, Amedeo},
	journal={Physical Review E},
	volume={72},
	number={5},
	pages={056107},
	year={2005},
	publisher={APS}
}

@article{reichardt2006statistical,
	title={Statistical mechanics of community detection},
	author={Reichardt, J{\"o}rg and Bornholdt, Stefan},
	journal={Physical Review E},
	volume={74},
	number={1},
	pages={016110},
	year={2006},
	publisher={APS}
}

@article{mohar1991laplacian,
	title={The Laplacian spectrum of graphs},
	author={Mohar, Bojan and Alavi, Y and Chartrand, G and Oellermann, OR},
	journal={Graph theory, combinatorics, and applications},
	volume={2},
	number={871-898},
	pages={12},
	year={1991}
}

@incollection{mohar1997some,
	title={Some applications of Laplace eigenvalues of graphs},
	author={Mohar, Bojan},
	booktitle={Graph symmetry},
	pages={225--275},
	year={1997},
	publisher={Springer}
}


@article{von2007tutorial,
title={A tutorial on spectral clustering},
author={Von Luxburg, Ulrike},
journal={Statistics and computing},
volume={17},
number={4},
pages={395--416},
year={2007},
publisher={Springer}
}

@article{hagen1992new,
title={New spectral methods for ratio cut partitioning and clustering},
author={Hagen, Lars and Kahng, Andrew B},
journal={IEEE transactions on computer-aided design of integrated circuits and systems},
volume={11},
number={9},
pages={1074--1085},
year={1992},
publisher={IEEE}
}

@article{nasrabadi2007pattern,
title={Pattern recognition and machine learning},
author={Nasrabadi, Nasser M},
journal={Journal of electronic imaging},
volume={16},
number={4},
pages={049901},
year={2007},
publisher={International Society for Optics and Photonics}
}

@book{coxon1982user,
	title={The user's guide to multidimensional scaling: With special reference to the MDS (X) library of computer programs},
	author={Coxon, Anthony Peter Macmillan and Davies, Peter M},
	year={1982},
	publisher={Heinemann Educational Publishers}
}

@article{tenenbaum2000global,
	title={A global geometric framework for nonlinear dimensionality reduction},
	author={Tenenbaum, Joshua B and De Silva, Vin and Langford, John C},
	journal={science},
	volume={290},
	number={5500},
	pages={2319--2323},
	year={2000},
	publisher={American Association for the Advancement of Science}
}

@article{belkin2003laplacian,
	title={Laplacian eigenmaps for dimensionality reduction and data representation},
	author={Belkin, Mikhail and Niyogi, Partha},
	journal={Neural computation},
	volume={15},
	number={6},
	pages={1373--1396},
	year={2003},
	publisher={MIT Press}
}
@incollection{kelley2012defining,
	title={Defining and discovering communities in social networks},
	author={Kelley, Stephen and Goldberg, Mark and Magdon-Ismail, Malik and Mertsalov, Konstantin and Wallace, Al},
	booktitle={Handbook of Optimization in Complex Networks},
	pages={139--168},
	year={2012},
	publisher={Springer}
}

@inproceedings{reid2011partitioning,
	title={Partitioning breaks communities},
	author={Reid, Fergal and McDaid, Aaron and Hurley, Neil},
	booktitle={Advances in Social Networks Analysis and Mining (ASONAM), 2011 International Conference on},
	pages={102--109},
	year={2011},
	organization={IEEE}
}






@article{farkas2007weighted,
	title={Weighted network modules},
	author={Farkas, Ill{\'e}s and {\'A}bel, D{\'a}niel and Palla, Gergely and Vicsek, Tam{\'a}s},
	journal={New Journal of Physics},
	volume={9},
	number={6},
	pages={180},
	year={2007},
	publisher={IOP Publishing}
}

@article{baumes2005finding,
	title={Finding communities by clustering a graph into overlapping subgraphs.},
	author={Baumes, Jeffrey and Goldberg, Mark K and Krishnamoorthy, Mukkai S and Magdon-Ismail, Malik and Preston, Nathan},
	journal={IADIS AC},
	volume={5},
	pages={97--104},
	year={2005}
}

@phdthesis{kelley2009existence,
	title={The existence and discovery of overlapping communities in large-scale networks},
	author={Kelley, Stephen},
	year={2009},
	school={Rensselaer Polytechnic Institute}
}
@article{nowicki2001estimation,
title={Estimation and prediction for stochastic blockstructures},
author={Nowicki, Krzysztof and Snijders, Tom A B},
journal={Journal of the American statistical association},
volume={96},
number={455},
pages={1077--1087},
year={2001},
publisher={Taylor \& Francis}
}





@article{nepusz2008fuzzy,
title={Fuzzy communities and the concept of bridgeness in complex networks},
author={Nepusz, Tam{\'a}s and Petr{\'o}czi, Andrea and N{\'e}gyessy, L{\'a}szl{\'o} and Bazs{\'o}, F{\"u}l{\"o}p},
journal={Physical Review E},
volume={77},
number={1},
pages={016107},
year={2008},
publisher={APS}
}

@article{holland1983stochastic,
title={Stochastic blockmodels: First steps},
author={Holland, Paul W and Laskey, Kathryn Blackmond and Leinhardt, Samuel},
journal={Social networks},
volume={5},
number={2},
pages={109--137},
year={1983},
publisher={Elsevier}
}

@article{bui1987graph,
title={Graph bisection algorithms with good average case behavior},
author={Bui, Thang Nguyen and Chaudhuri, Soma and Leighton, Frank Thomson and Sipser, Michael},
journal={Combinatorica},
volume={7},
number={2},
pages={171--191},
year={1987},
publisher={Springer}
}

@inproceedings{boppana1987eigenvalues,
title={Eigenvalues and graph bisection: An average-case analysis},
author={Boppana, Ravi B},
booktitle={Foundations of Computer Science, 1987., 28th Annual Symposium on},
pages={280--285},
year={1987},
organization={IEEE}
}

@incollection{batagelj2004pajek,
title={Pajek—analysis and visualization of large networks},
author={Batagelj, Vladimir and Mrvar, Andrej},
booktitle={Graph drawing software},
pages={77--103},
year={2004},
publisher={Springer}
}


@article{wang1987stochastic,
title={Stochastic blockmodels for directed graphs},
author={Wang, Yuchung J and Wong, George Y},
journal={Journal of the American Statistical Association},
volume={82},
number={397},
pages={8--19},
year={1987},
publisher={Taylor \& Francis Group}
}

@article{reichardt2007role,
title={Role models for complex networks},
author={Reichardt, J{\"o}rg and White, Douglas R},
journal={The European Physical Journal B},
volume={60},
number={2},
pages={217--224},
year={2007},
publisher={Springer}
}

@article{rohe2012co,
	title={Co-clustering for directed graphs; the stochastic co-blockmodel and a spectral algorithm},
	author={Rohe, Karl and Yu, Bin},
	journal={stat},
	volume={1050},
	pages={10},
	year={2012}
}




@article{newman2007mixture,
title={Mixture models and exploratory analysis in networks},
author={Newman, Mark EJ and Leicht, Elizabeth A},
journal={Proceedings of the National Academy of Sciences},
volume={104},
number={23},
pages={9564--9569},
year={2007},
publisher={National Acad Sciences}
}

@article{ramasco2008inversion,
title={Inversion method for content-based networks},
author={Ramasco, Jos{\'e} J and Mungan, Muhittin},
journal={Physical Review E},
volume={77},
number={3},
pages={036122},
year={2008},
publisher={APS}
}

@article{holme2012temporal,
title={Temporal networks},
author={Holme, Petter and Saram{\"a}ki, Jari},
journal={Physics reports},
volume={519},
number={3},
pages={97--125},
year={2012},
publisher={Elsevier}
}


@incollection{spiliopoulou2011evolution,
title={Evolution in social networks: A survey},
author={Spiliopoulou, Myra},
booktitle={Social network data analytics},
pages={149--175},
year={2011},
publisher={Springer}
}

@article{peixoto2015inferring,
	title={Inferring the mesoscale structure of layered, edge-valued, and time-varying networks},
	author={Peixoto, Tiago P},
	journal={Physical Review E},
	volume={92},
	number={4},
	pages={042807},
	year={2015},
	publisher={APS}
}

@inproceedings{sarkar2006dynamic,
	title={Dynamic social network analysis using latent space models},
	author={Sarkar, Purnamrita and Moore, Andrew W},
	booktitle={Advances in Neural Information Processing Systems},
	pages={1145--1152},
	year={2006}
}

@article{aggarwal2009survey,
	title={A survey of uncertain data algorithms and applications},
	author={Aggarwal, Charu C and Philip, S Yu},
	journal={IEEE Transactions on Knowledge and Data Engineering},
	volume={21},
	number={5},
	pages={609--623},
	year={2009},
	publisher={IEEE}
}

@article{zanghi2008fast,
	title={Fast online graph clustering via Erd{\H{o}}s--R{\'e}nyi mixture},
	author={Zanghi, Hugo and Ambroise, Christophe and Miele, Vincent},
	journal={Pattern recognition},
	volume={41},
	number={12},
	pages={3592--3599},
	year={2008},
	publisher={Elsevier}
}

@article{boccaletti2014structure,
	title={The structure and dynamics of multilayer networks},
	author={Boccaletti, Stefano and Bianconi, Ginestra and Criado, Regino and Del Genio, Charo I and G{\'o}mez-Gardenes, Jes{\'u}s and Romance, Miguel and Sendina-Nadal, Irene and Wang, Zhen and Zanin, Massimiliano},
	journal={Physics Reports},
	volume={544},
	number={1},
	pages={1--122},
	year={2014},
	publisher={Elsevier}
}

@article{kivela2014multilayer,
	title={Multilayer networks},
	author={Kivel{\"a}, Mikko and Arenas, Alex and Barthelemy, Marc and Gleeson, James P and Moreno, Yamir and Porter, Mason A},
	journal={Journal of complex networks},
	volume={2},
	number={3},
	pages={203--271},
	year={2014},
	publisher={Oxford University Press}
}

@article{comar2012simultaneous,
title={Simultaneous classification and community detection on heterogeneous network data},
author={Comar, Prakash Mandayam and Tan, Pang-Ning and Jain, Anil K},
journal={Data Mining and Knowledge Discovery},
volume={25},
number={3},
pages={420--449},
year={2012},
publisher={Springer}
}

@inproceedings{donaldson2007hybrid,
title={A hybrid social-acoustic recommendation system for popular music},
author={Donaldson, Justin},
booktitle={Proceedings of the 2007 ACM conference on Recommender systems},
pages={187--190},
year={2007},
organization={ACM}
}


@inproceedings{bu2010music,
	title={Music recommendation by unified hypergraph: combining social media information and music content},
	author={Bu, Jiajun and Tan, Shulong and Chen, Chun and Wang, Can and Wu, Hao and Zhang, Lijun and He, Xiaofei},
	booktitle={Proceedings of the 18th ACM international conference on Multimedia},
	pages={391--400},
	year={2010},
	organization={ACM}
}
@inproceedings{guo2016feature,
	title={Feature generation and selection on the heterogeneous graph for music recommendation},
	author={Guo, Chun},
	booktitle={Proceedings of the Ninth ACM International Conference on Web Search and Data Mining},
	pages={715--715},
	year={2016},
	organization={ACM}
}
@inproceedings{guo2016dynamic,
	title={Dynamic feature generation and selection on heterogeneous graph for music recommendation},
	author={Guo, Chun and Liu, Xiaozhong},
	booktitle={Big Data (Big Data), 2016 IEEE International Conference on},
	pages={656--665},
	year={2016},
	organization={IEEE}
}

@article{wu1982potts,
	title={The potts model},
	author={Wu, Fa-Yueh},
	journal={Reviews of modern physics},
	volume={54},
	number={1},
	pages={235},
	year={1982},
	publisher={APS}
}

@incollection{barrat2007architecture,
	title={The Architecture of Complex Weighted Networks: Measurements and Models},
	author={Barrat, Alain and Barthelemy, Marc and Vespignani, Alessandro},
	booktitle={Large Scale Structure And Dynamics Of Complex Networks: From Information Technology to Finance and Natural Science},
	pages={67--92},
	year={2007},
	publisher={World Scientific}
}

@article{reichardt2004detecting,
	title={Detecting fuzzy community structures in complex networks with a Potts model},
	author={Reichardt, J{\"o}rg and Bornholdt, Stefan},
	journal={Physical Review Letters},
	volume={93},
	number={21},
	pages={218701},
	year={2004},
	publisher={APS}
}

@article{ispolatov2006finding,
	title={Finding mesoscopic communities in sparse networks},
	author={Ispolatov, I and Mazo, I and Yuryev, A},
	journal={Journal of Statistical Mechanics: Theory and Experiment},
	volume={2006},
	number={09},
	pages={P09014},
	year={2006},
	publisher={IOP Publishing}
}

@article{blatt1996superparamagnetic,
	title={Superparamagnetic clustering of data},
	author={Blatt, Marcelo and Wiseman, Shai and Domany, Eytan},
	journal={Physical review letters},
	volume={76},
	number={18},
	pages={3251},
	year={1996},
	publisher={APS}
}

@article{son2006random,
	title={Random field Ising model and community structure in complex networks},
	author={Son, S-W and Jeong, Hawoong and Noh, Jae Dong},
	journal={The European Physical Journal B-Condensed Matter and Complex Systems},
	volume={50},
	number={3},
	pages={431--437},
	year={2006},
	publisher={Springer}
}

@article{lee1952statistical,
	title={Statistical theory of equations of state and phase transitions. II. Lattice gas and Ising model},
	author={Lee, Tsung-Dao and Yang, Chen-Ning},
	journal={Physical Review},
	volume={87},
	number={3},
	pages={410},
	year={1952},
	publisher={APS}
}

@article{ahuja1993network,
	title={Network Flows: Theory, Applications and Algorithms},
	author={Ahuja, Ravindra K and Magnanti, Thomas L and Orlin, James B},
	journal={Prentice-Hall, Englewood Cliffs, New Jersey, USA Arrow, KJ (1963). Social Choice and Individual Values, Wiley, New York. Gibbard, A.(1973).“Manipulation of Voting Schemes: A general result”, Econometrica},
	volume={41},
	pages={587--602},
	year={1993}
}


@article{ward1963hierarchical,
title={Hierarchical grouping to optimize an objective function},
author={Ward Jr, Joe H},
journal={Journal of the American statistical association},
volume={58},
number={301},
pages={236--244},
year={1963},
publisher={Taylor \& Francis Group}
}

@article{hu2008comparative,
title={Comparative definition of community and corresponding identifying algorithm},
author={Hu, Yanqing and Chen, Hongbin and Zhang, Peng and Li, Menghui and Di, Zengru and Fan, Ying},
journal={Physical Review E},
volume={78},
number={2},
pages={026121},
year={2008},
publisher={APS}
}

@article{jonnalagadda2018overlapping,
	title={Overlapping community detection in social networks using coalitional games},
	author={Jonnalagadda, Annapurna and Kuppusamy, Lakshmanan},
	journal={Knowledge and Information Systems},
	volume={56},
	number={3},
	pages={637--661},
	year={2018},
	publisher={Springer}
}
@inproceedings{francisquini2018nga,
	title={NGA-LP: A Robust and Improved Genetic Algorithm to Detect Communities in Directed Networks},
	author={Francisquini, Rodrigo and Nascimento, Mari{\'a} CV and Basgalupp, M{\'a}rcio P},
	booktitle={2018 IEEE Congress on Evolutionary Computation (CEC)},
	pages={1--8},
	year={2018},
	organization={IEEE}
}


@inproceedings{wagner1993between,
	title={Between min cut and graph bisection},
	author={Wagner, Dorothea and Wagner, Frank},
	booktitle={International Symposium on Mathematical Foundations of Computer Science},
	pages={744--750},
	year={1993},
	organization={Springer}
}

@phdthesis{van2000graph,
	title={Graph clustering by flow simulation},
	author={Van Dongen, Stijn Marinus},
	year={2000}
}

@article{venkatesaramani2018community,
	title={Community Detection by Information Flow Simulation},
	author={Venkatesaramani, Rajagopal and Vorobeychik, Yevgeniy},
	journal={arXiv preprint arXiv:1805.04920},
	year={2018}
}
@inproceedings{hallac2017toeplitz,
	title={Toeplitz inverse covariance-based clustering of multivariate time series data},
	author={Hallac, David and Vare, Sagar and Boyd, Stephen and Leskovec, Jure},
	booktitle={Proceedings of the 23rd ACM SIGKDD International Conference on Knowledge Discovery and Data Mining},
	pages={215--223},
	year={2017},
	organization={ACM}
}

@article{jabi2018deep,
	title={Deep clustering: On the link between discriminative models and K-means},
	author={Jabi, Mohammed and Pedersoli, Marco and Mitiche, Amar and Ayed, Ismail Ben},
	journal={arXiv preprint arXiv:1810.04246},
	year={2018}
}

@article{caron2018deep,
	title={Deep clustering for unsupervised learning of visual features},
	author={Caron, Mathilde and Bojanowski, Piotr and Joulin, Armand and Douze, Matthijs}
}

@inproceedings{schroff2015facenet,
	title={Facenet: A unified embedding for face recognition and clustering},
	author={Schroff, Florian and Kalenichenko, Dmitry and Philbin, James},
	booktitle={Proceedings of the IEEE conference on computer vision and pattern recognition},
	pages={815--823},
	year={2015}
}


@inproceedings{miller2010subgraph,
	title={Subgraph detection using eigenvector L1 norms},
	author={Miller, Benjamin and Bliss, Nadya and Wolfe, Patrick J},
	booktitle={Advances in Neural Information Processing Systems},
	pages={1633--1641},
	year={2010}
}

@article{radicchi2004defining,
	title={Defining and identifying communities in networks},
	author={Radicchi, Filippo and Castellano, Claudio and Cecconi, Federico and Loreto, Vittorio and Parisi, Domenico},
	journal={Proceedings of the National Academy of Sciences},
	volume={101},
	number={9},
	pages={2658--2663},
	year={2004},
	publisher={National Acad Sciences}
}

@article{lancichinetti2008benchmark,
	title={Benchmark graphs for testing community detection algorithms},
	author={Lancichinetti, Andrea and Fortunato, Santo and Radicchi, Filippo},
	journal={Physical review E},
	volume={78},
	number={4},
	pages={046110},
	year={2008},
	publisher={APS}
}


@article{he2012ant,
	title={An ant-based algorithm with local optimization for community detection in large-scale networks},
	author={He, Dongxiao and Liu, Jie and Yang, Bo and Huang, Yuxiao and Liu, Dayou and Jin, Di},
	journal={Advances in Complex Systems},
	volume={15},
	number={08},
	pages={1250036},
	year={2012},
	publisher={World Scientific}
}

@article{wang2008clustering,
	title={Clustering complex networks and biological networks by nonnegative matrix factorization with various similarity measures},
	author={Wang, Rui-Sheng and Zhang, Shihua and Wang, Yong and Zhang, Xiang-Sun and Chen, Luonan},
	journal={Neurocomputing},
	volume={72},
	number={1-3},
	pages={134--141},
	year={2008},
	publisher={Elsevier}
}

@article{zhang2007uncovering,
	title={Uncovering fuzzy community structure in complex networks},
	author={Zhang, Shihua and Wang, Rui-Sheng and Zhang, Xiang-Sun},
	journal={Physical Review E},
	volume={76},
	number={4},
	pages={046103},
	year={2007},
	publisher={APS}
}

@inproceedings{niepert2016learning,
	title={Learning convolutional neural networks for graphs},
	author={Niepert, Mathias and Ahmed, Mohamed and Kutzkov, Konstantin},
	booktitle={International conference on machine learning},
	pages={2014--2023},
	year={2016}
}
@article{li2015gated,
	title={Gated graph sequence neural networks},
	author={Li, Yujia and Tarlow, Daniel and Brockschmidt, Marc and Zemel, Richard},
	journal={arXiv preprint arXiv:1511.05493},
	year={2015}
}

@inproceedings{worlein2005quantitative,
	title={A quantitative comparison of the subgraph miners MoFa, gSpan, FFSM, and Gaston},
	author={W{\"o}rlein, Marc and Meinl, Thorsten and Fischer, Ingrid and Philippsen, Michael},
	booktitle={European Conference on Principles of Data Mining and Knowledge Discovery},
	pages={392--403},
	year={2005},
	organization={Springer}
}

@article{low2012distributed,
	title={Distributed GraphLab: a framework for machine learning and data mining in the cloud},
	author={Low, Yucheng and Bickson, Danny and Gonzalez, Joseph and Guestrin, Carlos and Kyrola, Aapo and Hellerstein, Joseph M},
	journal={Proceedings of the VLDB Endowment},
	volume={5},
	number={8},
	pages={716--727},
	year={2012},
	publisher={VLDB Endowment}
}
@article{stam2007graph,
	title={Graph theoretical analysis of complex networks in the brain},
	author={Stam, Cornelis J and Reijneveld, Jaap C},
	journal={Nonlinear biomedical physics},
	volume={1},
	number={1},
	pages={3},
	year={2007},
	publisher={BioMed Central}
}

@book{borgelt2002graphical,
	title={Graphical models: methods for data analysis and mining},
	author={Borgelt, Christian and Kruse, Rudolf},
	year={2002},
	publisher={John Wiley \& Sons, Inc.}
}

@book{kullback1997information,
	title={Information theory and statistics},
	author={Kullback, Solomon},
	year={1997},
	publisher={Courier Corporation}
}

@inproceedings{bakshy2012role,
	title={The role of social networks in information diffusion},
	author={Bakshy, Eytan and Rosenn, Itamar and Marlow, Cameron and Adamic, Lada},
	booktitle={Proceedings of the 21st international conference on World Wide Web},
	pages={519--528},
	year={2012},
	organization={ACM}
}

@article{guille2013information,
	title={Information diffusion in online social networks: A survey},
	author={Guille, Adrien and Hacid, Hakim and Favre, Cecile and Zighed, Djamel A},
	journal={ACM Sigmod Record},
	volume={42},
	number={2},
	pages={17--28},
	year={2013},
	publisher={ACM}
}

@article{li2019nobel,
	title={Nobel laureates are almost the same as us},
	author={Li, Jichao and Yin, Yian and Fortunato, Santo and Wang, Dashun},
	journal={Nature Reviews Physics},
	pages={1},
	year={2019},
	publisher={Nature Publishing Group}
}

@article{yan2009applying,
	title={Applying centrality measures to impact analysis: A coauthorship network analysis},
	author={Yan, Erjia and Ding, Ying},
	journal={Journal of the American Society for Information Science and Technology},
	volume={60},
	number={10},
	pages={2107--2118},
	year={2009},
	publisher={Wiley Online Library}
}

@article{hsu2017learning,
	title={Learning to cluster in order to transfer across domains and tasks},
	author={Hsu, Yen-Chang and Lv, Zhaoyang and Kira, Zsolt},
	journal={arXiv preprint arXiv:1711.10125},
	year={2017}
}
@article{fogel2018clustering,
	title={Clustering-driven deep embedding with pairwise constraints},
	author={Fogel, Sharon and Averbuch-Elor, Hadar and Goldberger, Jacov and Cohen-Or, Daniel},
	journal={arXiv preprint arXiv:1803.08457},
	year={2018}
}



@incollection{boobalan2019deep,
	title={Deep Clustering},
	author={Boobalan, M Parimala},
	booktitle={Handbook of Research on Deep Learning Innovations and Trends},
	pages={164--179},
	year={2019},
	publisher={IGI Global}
}
@inproceedings{meier2018learning,
	title={Learning neural models for end-to-end clustering},
	author={Meier, Benjamin Bruno and Elezi, Ismail and Amirian, Mohammadreza and D{\"u}rr, Oliver and Stadelmann, Thilo},
	booktitle={IAPR Workshop on Artificial Neural Networks in Pattern Recognition},
	pages={126--138},
	year={2018},
	organization={Springer}
}

@article{chen2019detecting,
	title={Detecting communities by suspecting the maximum degree nodes},
	author={Chen, Mei and Zhang, Mei and Li, Ming and Leng, Mingwei and Yang, Zhichong and Wen, Xiaofang},
	journal={International Journal of Modern Physics B},
	pages={1950133},
	year={2019},
	publisher={World Scientific}
}

@inproceedings{banijamali2017fast,
	title={Fast spectral clustering using autoencoders and landmarks},
	author={Banijamali, Ershad and Ghodsi, Ali},
	booktitle={International Conference Image Analysis and Recognition},
	pages={380--388},
	year={2017},
	organization={Springer}
}

@article{ren2019semi,
	title={Semi-supervised deep embedded clustering},
	author={Ren, Yazhou and Hu, Kangrong and Dai, Xinyi and Pan, Lili and Hoi, Steven CH and Xu, Zenglin},
	journal={Neurocomputing},
	volume={325},
	pages={121--130},
	year={2019},
	publisher={Elsevier}
}


@inproceedings{tao2017simultaneous,
	title={Simultaneous clustering and ensemble},
	author={Tao, Zhiqiang and Liu, Hongfu and Fu, Yun},
	booktitle={Thirty-First AAAI Conference on Artificial Intelligence},
	year={2017}
}
@inproceedings{wang2018partial,
	title={Partial Multi-view Clustering via Consistent GAN},
	author={Wang, Qianqian and Ding, Zhengming and Tao, Zhiqiang and Gao, Quanxue and Fu, Yun},
	booktitle={2018 IEEE International Conference on Data Mining (ICDM)},
	pages={1290--1295},
	year={2018},
	organization={IEEE}
}


@inproceedings{zin2016deep,
	title={Deep learning model for integration of clustering with ranking in social networks},
	author={Zin, Thi Thi and Tin, Pyke and Hama, Hiromitsu},
	booktitle={International Conference on Genetic and Evolutionary Computing},
	pages={247--254},
	year={2016},
	organization={Springer}
}
@inproceedings{tao2016robust,
	title={Robust spectral ensemble clustering},
	author={Tao, Zhiqiang and Liu, Hongfu and Li, Sheng and Fu, Yun},
	booktitle={Proceedings of the 25th ACM International on Conference on Information and Knowledge Management},
	pages={367--376},
	year={2016},
	organization={ACM}
}

@inproceedings{trosten2019recurrent,
	title={Recurrent Deep Divergence-based Clustering for simultaneous feature learning and clustering of variable length time series},
	author={Trosten, Daniel J and Strauman, Andreas S and Kampffmeyer, Michael and Jenssen, Robert},
	booktitle={ICASSP 2019-2019 IEEE International Conference on Acoustics, Speech and Signal Processing (ICASSP)},
	pages={3257--3261},
	year={2019},
	organization={IEEE}
}
@inproceedings{kimura2018autoclustering,
	title={AutoClustering: A Feed-Forward Neural Network Based Clustering Algorithm},
	author={Kimura, Masaomi},
	booktitle={2018 IEEE International Conference on Data Mining Workshops (ICDMW)},
	pages={659--666},
	year={2018},
	organization={IEEE}
}
@article{hsu2018probabilistic,
	title={A probabilistic constrained clustering for transfer learning and image category discovery},
	author={Hsu, Yen-Chang and Lv, Zhaoyang and Schlosser, Joel and Odom, Phillip and Kira, Zsolt},
	journal={arXiv preprint arXiv:1806.11078},
	year={2018}
}
@article{kenyon2018clustering,
	title={Clustering-Oriented Representation Learning with Attractive-Repulsive Loss},
	author={Kenyon-Dean, Kian and Cianflone, Andre and Page-Caccia, Lucas and Rabusseau, Guillaume and Cheung, Jackie Chi Kit and Precup, Doina},
	journal={arXiv preprint arXiv:1812.07627},
	year={2018}
}
@article{zhang2017network,
	title={Network Representation Learning: A Survey},
	author={Zhang, Daokun and Yin, Jie and Zhu, Xingquan and Zhang, Chengqi},
	journal={arXiv preprint arXiv:1801.05852},
	year={2017}
}

@article{hamilton2017representation,
	title={Representation Learning on Graphs: Methods and Applications},
	author={Hamilton, William L and Ying, Rex and Leskovec, Jure},
	journal={arXiv preprint arXiv:1709.05584},
	year={2017}
}
@article{goyal2017graph,
	title={Graph embedding techniques, applications, and performance: A survey},
	author={Goyal, Palash and Ferrara, Emilio},
	journal={arXiv preprint arXiv:1705.02801},
	year={2017}
}

@inproceedings{wang2016structural,
	title={Structural deep network embedding},
	author={Wang, Daixin and Cui, Peng and Zhu, Wenwu},
	booktitle={Proceedings of the 22nd ACM SIGKDD international conference on Knowledge discovery and data mining},
	pages={1225--1234},
	year={2016},
	organization={ACM}
}

@article{cai2017comprehensive,
	title={A Comprehensive Survey of Graph Embedding: Problems, Techniques and Applications},
	author={Cai, Hongyun and Zheng, Vincent W and Chang, Kevin Chen-Chuan},
	journal={arXiv preprint arXiv:1709.07604},
	year={2017}
}


@inproceedings{zhu2007combining,
	title={Combining content and link for classification using matrix factorization},
	author={Zhu, Shenghuo and Yu, Kai and Chi, Yun and Gong, Yihong},
	booktitle={Proceedings of the 30th annual international ACM SIGIR conference on Research and development in information retrieval},
	pages={487--494},
	year={2007},
	organization={ACM}
}

@article{vincent2010stacked,
	title={Stacked denoising autoencoders: Learning useful representations in a deep network with a local denoising criterion},
	author={Vincent, Pascal and Larochelle, Hugo and Lajoie, Isabelle and Bengio, Yoshua and Manzagol, Pierre-Antoine},
	journal={Journal of Machine Learning Research},
	volume={11},
	number={Dec},
	pages={3371--3408},
	year={2010}
}
@article{fan2008liblinear,
	title={LIBLINEAR: A library for large linear classification},
	author={Fan, Rong-En and Chang, Kai-Wei and Hsieh, Cho-Jui and Wang, Xiang-Rui and Lin, Chih-Jen},
	journal={Journal of machine learning research},
	volume={9},
	number={Aug},
	pages={1871--1874},
	year={2008}
}
@inproceedings{tang2009relational,
title={Relational learning via latent social dimensions},
author={Tang, Lei and Liu, Huan},
booktitle={Proceedings of the 15th ACM SIGKDD international conference on Knowledge discovery and data mining},
pages={817--826},
year={2009},
organization={ACM}
}

@inproceedings{zheng2009mining,
title={Mining interesting locations and travel sequences from GPS trajectories},
author={Zheng, Yu and Zhang, Lizhu and Xie, Xing and Ma, Wei-Ying},
booktitle={Proceedings of the 18th international conference on World wide web},
pages={791--800},
year={2009},
organization={ACM}
}


