@article{zhang2016minimax,
	title        = {Minimax rates of community detection in stochastic block models},
	author       = {Zhang, Anderson Y and Zhou, Harrison H and others},
	year         = 2016,
	journal      = {The Annals of Statistics},
	publisher    = {Institute of Mathematical Statistics},
	volume       = 44,
	number       = 5,
	pages        = {2252--2280}
}
@article{gao2017achieving,
	title        = {Achieving optimal misclassification proportion in stochastic block models},
	author       = {Gao, Chao and Ma, Zongming and Zhang, Anderson Y and Zhou, Harrison H},
	year         = 2017,
	journal      = {The Journal of Machine Learning Research},
	publisher    = {JMLR. org},
	volume       = 18,
	number       = 1,
	pages        = {1980--2024}
}
@article{cai2015robust,
	title        = {Robust and computationally feasible community detection in the presence of arbitrary outlier nodes},
	author       = {Cai, T Tony and Li, Xiaodong and others},
	year         = 2015,
	journal      = {The Annals of Statistics},
	publisher    = {Institute of Mathematical Statistics},
	volume       = 43,
	number       = 3,
	pages        = {1027--1059}
}
@article{wang2017likelihood,
	title        = {Likelihood-based model selection for stochastic block models},
	author       = {Wang, YX Rachel and Bickel, Peter J and others},
	year         = 2017,
	journal      = {The Annals of Statistics},
	publisher    = {Institute of Mathematical Statistics},
	volume       = 45,
	number       = 2,
	pages        = {500--528}
}
@article{lei2016goodness,
	title        = {A goodness-of-fit test for stochastic block models},
	author       = {Lei, Jing and others},
	year         = 2016,
	journal      = {The Annals of Statistics},
	publisher    = {Institute of Mathematical Statistics},
	volume       = 44,
	number       = 1,
	pages        = {401--424}
}
@article{shen2011exploring,
	title        = {Exploring the structural regularities in networks},
	author       = {Shen, Hua-Wei and Cheng, Xue-Qi and Guo, Jia-Feng},
	year         = 2011,
	journal      = {Physical Review E},
	publisher    = {APS},
	volume       = 84,
	number       = 5,
	pages        = 56111
}
@article{raghavan2007near,
	title        = {Near linear time algorithm to detect community structures in large-scale networks},
	author       = {Raghavan, Usha Nandini and Albert, R{\'e}ka and Kumara, Soundar},
	year         = 2007,
	journal      = {Physical review E},
	publisher    = {APS},
	volume       = 76,
	number       = 3,
	pages        = 36106
}
@inproceedings{coscia2012demon,
	title        = {Demon: a local-first discovery method for overlapping communities},
	author       = {Coscia, Michele and Rossetti, Giulio and Giannotti, Fosca and Pedreschi, Dino},
	year         = 2012,
	booktitle    = {Proceedings of the 18th ACM SIGKDD international conference on Knowledge discovery and data mining},
	pages        = {615--623}
}
@inproceedings{li2015uncovering,
	title        = {Uncovering the small community structure in large networks: A local spectral approach},
	author       = {Li, Yixuan and He, Kun and Bindel, David and Hopcroft, John E},
	year         = 2015,
	booktitle    = {Proceedings of the 24th international conference on world wide web},
	pages        = {658--668}
}
@inproceedings{xie2011slpa,
	title        = {Slpa: Uncovering overlapping communities in social networks via a speaker-listener interaction dynamic process},
	author       = {Xie, Jierui and Szymanski, Boleslaw K and Liu, Xiaoming},
	year         = 2011,
	booktitle    = {2011 ieee 11th international conference on data mining workshops},
	pages        = {344--349},
	organization = {IEEE}
}
@inproceedings{appel2018temporally,
	title={Temporally evolving community detection and prediction in content-centric networks},
	author={Appel, Ana Paula and Cunha, Renato LF and Aggarwal, Charu C and Terakado, Marcela Megumi},
	booktitle={Joint European Conference on Machine Learning and Knowledge Discovery in Databases},
	pages={3--18},
	year={2018},
	organization={Springer}
}
@article{newman2013community,
	title        = {Community detection and graph partitioning},
	author       = {Newman, Mark EJ},
	year         = 2013,
	journal      = {EPL (Europhysics Letters)},
	publisher    = {IOP Publishing},
	volume       = 103,
	number       = 2,
	pages        = 28003
}
@article{zhao2017statistical,
	title        = {Statistical inference for community detection in signed networks},
	author       = {Zhao, Xuehua and Yang, Bo and Liu, Xueyan and Chen, Huiling},
	year         = 2017,
	journal      = {Physical Review E},
	publisher    = {APS},
	volume       = 95,
	number       = 4,
	pages        = 42313
}
@article{papadopoulos2012community,
	title        = {Community detection in social media},
	author       = {Papadopoulos, Symeon and Kompatsiaris, Yiannis and Vakali, Athena and Spyridonos, Ploutarchos},
	year         = 2012,
	journal      = {Data Mining and Knowledge Discovery},
	publisher    = {Springer},
	volume       = 24,
	number       = 3,
	pages        = {515--554}
}
@inproceedings{mcdaid2010detecting,
	title        = {Detecting highly overlapping communities with model-based overlapping seed expansion},
	author       = {McDaid, Aaron and Hurley, Neil},
	year         = 2010,
	booktitle    = {2010 International Conference on Advances in Social Networks Analysis and Mining},
	pages        = {112--119},
	organization = {IEEE}
}
@article{newman2013spectral,
	title        = {Spectral methods for community detection and graph partitioning},
	author       = {Newman, Mark EJ},
	year         = 2013,
	journal      = {Physical Review E},
	publisher    = {APS},
	volume       = 88,
	number       = 4,
	pages        = 42822
}
@article{wang2017locating,
	title        = {Locating structural centers: A density-based clustering method for community detection},
	author       = {Wang, Xiaofeng and Liu, Gongshen and Li, Jianhua and Nees, Jan P},
	year         = 2017,
	journal      = {PloS one},
	publisher    = {Public Library of Science},
	volume       = 12,
	number       = 1
}
@inproceedings{jin2019graph,
	title        = {Graph convolutional networks meet Markov random fields: Semi-supervised community detection in attribute networks},
	author       = {Jin, Di and Liu, Ziyang and Li, Weihao and He, Dongxiao and Zhang, Weixiong},
	year         = 2019,
	booktitle    = {Proceedings of the AAAI Conference on Artificial Intelligence},
	volume       = 33,
	pages        = {152--159}
}

@article{zhang2019attributed,
	title        = {Attributed graph clustering via adaptive graph convolution},
	author       = {Zhang, Xiaotong and Liu, Han and Li, Qimai and Wu, Xiao-Ming},
	year         = 2019,
	journal      = {arXiv preprint arXiv:1906.01210}
}
@inproceedings{chiang2019cluster,
	title        = {Cluster-gcn: An efficient algorithm for training deep and large graph convolutional networks},
	author       = {Chiang, Wei-Lin and Liu, Xuanqing and Si, Si and Li, Yang and Bengio, Samy and Hsieh, Cho-Jui},
	year         = 2019,
	booktitle    = {Proceedings of the 25th ACM SIGKDD International Conference on Knowledge Discovery \& Data Mining},
	pages        = {257--266}
}
@article{bruna2013spectral,
	title        = {Spectral networks and locally connected networks on graphs},
	author       = {Bruna, Joan and Zaremba, Wojciech and Szlam, Arthur and LeCun, Yann},
	year         = 2013,
	journal      = {arXiv preprint arXiv:1312.6203}
}
@inproceedings{wang2017mgae,
	title        = {Mgae: Marginalized graph autoencoder for graph clustering},
	author       = {Wang, Chun and Pan, Shirui and Long, Guodong and Zhu, Xingquan and Jiang, Jing},
	year         = 2017,
	booktitle    = {Proceedings of the 2017 ACM on Conference on Information and Knowledge Management},
	pages        = {889--898}
}
@inproceedings{tian2014learning,
	title        = {Learning deep representations for graph clustering},
	author       = {Tian, Fei and Gao, Bin and Cui, Qing and Chen, Enhong and Liu, Tie-Yan},
	year         = 2014,
	booktitle    = {Twenty-Eighth AAAI Conference on Artificial Intelligence}
} 
@inproceedings{ibrahim2019nonlinear,
	title={Nonlinear Diffusion for Community Detection and Semi-Supervised Learning},
	author={Ibrahim, Rania and Gleich, David},
	booktitle={The World Wide Web Conference},
	pages={739--750},
	year={2019}
}
@inproceedings{yan2019constrained,
	title={Constrained local graph clustering by colored random walk},
	author={Yan, Yaowei and Bian, Yuchen and Luo, Dongsheng and Lee, Dongwon and Zhang, Xiang},
	booktitle={The world wide web conference},
	pages={2137--2146},
	year={2019}
}
@inproceedings{kuang2012symmetric,
	title        = {Symmetric nonnegative matrix factorization for graph clustering},
	author       = {Kuang, Da and Ding, Chris and Park, Haesun},
	year         = 2012,
	booktitle    = {Proceedings of the 2012 SIAM international conference on data mining},
	pages        = {106--117},
	organization = {SIAM}
}
@article{kuang2015symnmf,
	title        = {SymNMF: nonnegative low-rank approximation of a similarity matrix for graph clustering},
	author       = {Kuang, Da and Yun, Sangwoon and Park, Haesun},
	year         = 2015,
	journal      = {Journal of Global Optimization},
	publisher    = {Springer},
	volume       = 62,
	number       = 3,
	pages        = {545--574}
}
@article{bruna2017community,
	title        = {Community detection with graph neural networks},
	author       = {Bruna, Joan and Li, X},
	year         = 2017,
	journal      = {Stat},
	volume       = 1050,
	pages        = 27
}
@article{abbe2017community,
	title        = {Community detection and stochastic block models: recent developments},
	author       = {Abbe, Emmanuel},
	year         = 2017,
	journal      = {The Journal of Machine Learning Research},
	publisher    = {JMLR. org},
	volume       = 18,
	number       = 1,
	pages        = {6446--6531}
}
@article{krzakala2013spectral,
	title        = {Spectral redemption in clustering sparse networks},
	author       = {Krzakala, Florent and Moore, Cristopher and Mossel, Elchanan and Neeman, Joe and Sly, Allan and Zdeborov{\'a}, Lenka and Zhang, Pan},
	year         = 2013,
	journal      = {Proceedings of the National Academy of Sciences},
	publisher    = {National Acad Sciences},
	volume       = 110,
	number       = 52,
	pages        = {20935--20940}
}
@inproceedings{saade2014spectral,
	title        = {Spectral clustering of graphs with the bethe hessian},
	author       = {Saade, Alaa and Krzakala, Florent and Zdeborov{\'a}, Lenka},
	year         = 2014,
	booktitle    = {Advances in Neural Information Processing Systems},
	pages        = {406--414}
}
@article{yang2015defining,
	title        = {Defining and evaluating network communities based on ground-truth},
	author       = {Yang, Jaewon and Leskovec, Jure},
	year         = 2015,
	journal      = {Knowledge and Information Systems},
	publisher    = {Springer},
	volume       = 42,
	number       = 1,
	pages        = {181--213}
}
@article{newman2006finding,
	title        = {Finding community structure in networks using the eigenvectors of matrices},
	author       = {Newman, Mark EJ},
	year         = 2006,
	journal      = {Physical review E},
	publisher    = {APS},
	volume       = 74,
	number       = 3,
	pages        = 36104
}
@inproceedings{fang2016community,
	title        = {Community-based question answering via heterogeneous social network learning},
	author       = {Fang, Hanyin and Wu, Fei and Zhao, Zhou and Duan, Xinyu and Zhuang, Yueting and Ester, Martin},
	year         = 2016,
	booktitle    = {Thirtieth AAAI Conference on Artificial Intelligence}
}
@article{smoot2010cytoscape,
	title        = {Cytoscape 2.8: new features for data integration and network visualization},
	author       = {Smoot, Michael E and Ono, Keiichiro and Ruscheinski, Johannes and Wang, Peng-Liang and Ideker, Trey},
	year         = 2010,
	journal      = {Bioinformatics},
	publisher    = {Oxford University Press},
	volume       = 27,
	number       = 3,
	pages        = {431--432}
}
@article{de2015muxviz,
	title        = {MuxViz: a tool for multilayer analysis and visualization of networks},
	author       = {De Domenico, Manlio and Porter, Mason A and Arenas, Alex},
	year         = 2015,
	journal      = {Journal of Complex Networks},
	publisher    = {Oxford University Press},
	volume       = 3,
	number       = 2,
	pages        = {159--176}
}
@inproceedings{rossi2015network,
	title={The network data repository with interactive graph analytics and visualization},
	author={Rossi, Ryan and Ahmed, Nesreen},
	booktitle={Twenty-Ninth AAAI Conference on Artificial Intelligence},
	year={2015}
}
@article{pan2016task,
	title={Task sensitive feature exploration and learning for multitask graph classification},
	author={Pan, Shirui and Wu, Jia and Zhu, Xingquan and Long, Guodong and Zhang, Chengqi},
	journal={IEEE transactions on cybernetics},
	volume={47},
	number={3},
	pages={744--758},
	year={2016},
	publisher={IEEE}
}
@inproceedings{kunegis2013konect,
	title={Konect: the koblenz network collection},
	author={Kunegis, J{\'e}r{\^o}me},
	booktitle={Proceedings of the 22nd International Conference on World Wide Web},
	pages={1343--1350},
	year={2013}
}
@inproceedings{boldi2011layered,
	title={Layered label propagation: A multiresolution coordinate-free ordering for compressing social networks},
	author={Boldi, Paolo and Rosa, Marco and Santini, Massimo and Vigna, Sebastiano},
	booktitle={Proceedings of the 20th international conference on World wide web},
	pages={587--596},
	year={2011}
}
@article{leskovec2015snap,
	title        = {$\{$SNAP Datasets$\}$:$\{$Stanford$\}$ Large Network Dataset Collection},
	author       = {Leskovec, Jure and Krevl, Andrej},
	year         = 2015,
	month        = jun,
	howpublished = {\url{http://snap.stanford.edu/data}}
}
@article{hagberg2013networkx,
	title        = {Networkx. High productivity software for complex networks},
	author       = {Hagberg, Aric and Schult, Dan and Swart, Pieter and Conway, D and S{\'e}guin-Charbonneau, L and Ellison, C and Edwards, B and Torrents, J},
	year         = 2013,
	journal      = {Webov{\'a} str{\'a} nka https://networkx. lanl. gov/wiki}
}
@article{csardi2006igraph,
	title        = {The igraph software package for complex network research},
	author       = {Csardi, Gabor and Nepusz, Tamas and others},
	year         = 2006,
	journal      = {InterJournal, Complex Systems},
	volume       = 1695,
	number       = 5,
	pages        = {1--9}
}
@article{mcdaid2011normalized,
	title        = {Normalized mutual information to evaluate overlapping community finding algorithms},
	author       = {McDaid, Aaron F and Greene, Derek and Hurley, Neil},
	year         = 2011,
	journal      = {arXiv preprint arXiv:1110.2515}
}
@inproceedings{murray2012using,
	title        = {Using the omega index for evaluating abstractive community detection},
	author       = {Murray, Gabriel and Carenini, Giuseppe and Ng, Raymond},
	year         = 2012,
	booktitle    = {Proceedings of Workshop on Evaluation Metrics and System Comparison for Automatic Summarization},
	pages        = {10--18},
	organization = {Association for Computational Linguistics}
}
@inproceedings{wang2017community,
	title        = {Community Preserving Network Embedding.},
	author       = {Wang, Xiao and Cui, Peng and Wang, Jing and Pei, Jian and Zhu, Wenwu and Yang, Shiqiang},
	year         = 2017,
	booktitle    = {AAAI},
	pages        = {203--209}
}
@inproceedings{zhang2018cosine,
	title={Cosine: Community-preserving social network embedding from information diffusion cascades},
	author={Zhang, Yuan and Lyu, Tianshu and Zhang, Yan},
	booktitle={Thirty-Second AAAI Conference on Artificial Intelligence},
	year={2018}
}

@inproceedings{cavallari2017learning,
	title        = {Learning community embedding with community detection and node embedding on graphs},
	author       = {Cavallari, Sandro and Zheng, Vincent W and Cai, Hongyun and Chang, Kevin Chen-Chuan and Cambria, Erik},
	year         = 2017,
	booktitle    = {Proceedings of the 2017 ACM on Conference on Information and Knowledge Management},
	pages        = {377--386},
	organization = {ACM}
}
@article{harenberg2014community,
	title        = {Community detection in large-scale networks: a survey and empirical evaluation},
	author       = {Harenberg, Steve and Bello, Gonzalo and Gjeltema, L and Ranshous, Stephen and Harlalka, Jitendra and Seay, Ramona and Padmanabhan, Kanchana and Samatova, Nagiza},
	year         = 2014,
	journal      = {Wiley Interdisciplinary Reviews: Computational Statistics},
	publisher    = {Wiley Online Library},
	volume       = 6,
	number       = 6,
	pages        = {426--439}
}
@article{kawamoto2017cross,
	title={Cross-validation estimate of the number of clusters in a network},
	author={Kawamoto, Tatsuro and Kabashima, Yoshiyuki},
	journal={Scientific reports},
	volume={7},
	number={1},
	pages={1--17},
	year={2017},
	publisher={Nature Publishing Group}
}
@article{kawamoto2018comparative,
	title={Comparative analysis on the selection of number of clusters in community detection},
	author={Kawamoto, Tatsuro and Kabashima, Yoshiyuki},
	journal={Physical Review E},
	volume={97},
	number={2},
	pages={022315},
	year={2018},
	publisher={APS}
}
@article{rossetti2019cdlib,
	title={CDLIB: a python library to extract, compare and evaluate communities from complex networks},
	author={Rossetti, Giulio and Milli, Letizia and Cazabet, R{\'e}my},
	journal={Applied Network Science},
	volume={4},
	number={1},
	pages={52},
	year={2019},
	publisher={Springer}
}
@article{malliaros2013clustering,
	title        = {Clustering and community detection in directed networks: A survey},
	author       = {Malliaros, Fragkiskos D and Vazirgiannis, Michalis},
	year         = 2013,
	journal      = {Physics Reports},
	publisher    = {Elsevier},
	volume       = 533,
	number       = 4,
	pages        = {95--142}
}

@article{rosvall2011multilevel,
	title        = {Multilevel compression of random walks on networks reveals hierarchical organization in large integrated systems},
	author       = {Rosvall, Martin and Bergstrom, Carl T},
	year         = 2011,
	journal      = {PloS one},
	publisher    = {Public Library of Science},
	volume       = 6,
	number       = 4,
	pages        = {e18209}
}
@article{rosvall2014memory,
	title        = {Memory in network flows and its effects on spreading dynamics and community detection},
	author       = {Rosvall, Martin and Esquivel, Alcides V and Lancichinetti, Andrea and West, Jevin D and Lambiotte, Renaud},
	year         = 2014,
	journal      = {Nature communications},
	publisher    = {Nature Publishing Group},
	volume       = 5,
	number       = 1,
	pages        = {1--13}
}
@article{persson2016maps,
	title        = {Maps of sparse Markov chains efficiently reveal community structure in network flows with memory},
	author       = {Persson, Christian and Bohlin, Ludvig and Edler, Daniel and Rosvall, Martin},
	year         = 2016,
	journal      = {arXiv preprint arXiv:1606.08328}
}
@article{esquivel2011compression,
	title        = {Compression of flow can reveal overlapping-module organization in networks},
	author       = {Esquivel, Alcides Viamontes and Rosvall, Martin},
	year         = 2011,
	journal      = {Physical Review X},
	publisher    = {APS},
	volume       = 1,
	number       = 2,
	pages        = 21025
}
@article{rosvall2008maps,
	title        = {Maps of random walks on complex networks reveal community structure},
	author       = {Rosvall, Martin and Bergstrom, Carl T},
	year         = 2008,
	journal      = {Proceedings of the National Academy of Sciences},
	publisher    = {National Acad Sciences},
	volume       = 105,
	number       = 4,
	pages        = {1118--1123}
}
@article{jeub2015think,
	title        = {Think locally, act locally: Detection of small, medium-sized, and large communities in large networks},
	author       = {Jeub, Lucas GS and Balachandran, Prakash and Porter, Mason A and Mucha, Peter J and Mahoney, Michael W},
	year         = 2015,
	journal      = {Physical Review E},
	publisher    = {APS},
	volume       = 91,
	number       = 1,
	pages        = 12821
}
@article{newman2016estimating,
	title        = {Estimating the number of communities in a network},
	author       = {Newman, Mark EJ and Reinert, Gesine},
	year         = 2016,
	journal      = {Physical review letters},
	publisher    = {APS},
	volume       = 117,
	number       = 7,
	pages        = 78301
}
@article{expert2011uncovering,
	title        = {Uncovering space-independent communities in spatial networks},
	author       = {Expert, Paul and Evans, Tim S and Blondel, Vincent D and Lambiotte, Renaud},
	year         = 2011,
	journal      = {Proceedings of the National Academy of Sciences},
	publisher    = {National Acad Sciences},
	volume       = 108,
	number       = 19,
	pages        = {7663--7668}
}
@article{traag2009community,
	title        = {Community detection in networks with positive and negative links},
	author       = {Traag, Vincent A and Bruggeman, Jeroen},
	year         = 2009,
	journal      = {Physical Review E},
	publisher    = {APS},
	volume       = 80,
	number       = 3,
	pages        = 36115
}
@article{macmahon2013community,
	title        = {Community detection for correlation matrices},
	author       = {MacMahon, Mel and Garlaschelli, Diego},
	year         = 2013,
	journal      = {arXiv preprint arXiv:1311.1924}
}
@article{barber2007modularity,
	title        = {Modularity and community detection in bipartite networks},
	author       = {Barber, Michael J},
	year         = 2007,
	journal      = {Physical Review E},
	publisher    = {APS},
	volume       = 76,
	number       = 6,
	pages        = 66102
}
@article{peixoto2014hierarchical,
	title        = {Hierarchical block structures and high-resolution model selection in large networks},
	author       = {Peixoto, Tiago P},
	year         = 2014,
	journal      = {Physical Review X},
	publisher    = {APS},
	volume       = 4,
	number       = 1,
	pages        = 11047
}
@article{leicht2008community,
	title        = {Community structure in directed networks},
	author       = {Leicht, Elizabeth A and Newman, Mark EJ},
	year         = 2008,
	journal      = {Physical review letters},
	publisher    = {APS},
	volume       = 100,
	number       = 11,
	pages        = 118703
}
@article{karrer2011stochastic,
	title        = {Stochastic blockmodels and community structure in networks},
	author       = {Karrer, Brian and Newman, Mark EJ},
	year         = 2011,
	journal      = {Physical review E},
	publisher    = {APS},
	volume       = 83,
	number       = 1,
	pages        = 16107
}
@article{hastings2006community,
	title        = {Community detection as an inference problem},
	author       = {Hastings, Matthew B},
	year         = 2006,
	journal      = {Physical Review E},
	publisher    = {APS},
	volume       = 74,
	number       = 3,
	pages        = 35102
}
@article{danon2005comparing,
	title        = {Comparing community structure identification},
	author       = {Danon, Leon and Diaz-Guilera, Albert and Duch, Jordi and Arenas, Alex},
	year         = 2005,
	journal      = {Journal of Statistical Mechanics: Theory and Experiment},
	publisher    = {IOP Publishing},
	volume       = 2005,
	number       = 9,
	pages        = {P09008}
}
@article{ball2011efficient,
	title        = {Efficient and principled method for detecting communities in networks},
	author       = {Ball, Brian and Karrer, Brian and Newman, Mark EJ},
	year         = 2011,
	journal      = {Physical Review E},
	publisher    = {APS},
	volume       = 84,
	number       = 3,
	pages        = 36103
}
@article{fortunato2016community,
	title        = {Community detection in networks: A user guide},
	author       = {Fortunato, Santo and Hric, Darko},
	year         = 2016,
	journal      = {Physics Reports},
	publisher    = {Elsevier},
	volume       = 659,
	pages        = {1--44}
}
@article{fortunato2010community,
	title        = {Community detection in graphs},
	author       = {Fortunato, Santo},
	year         = 2010,
	journal      = {Physics reports},
	publisher    = {Elsevier},
	volume       = 486,
	number       = {3-5},
	pages        = {75--174}
}
@article{yang2011detecting,
	title        = {Detecting communities and their evolutions in dynamic social networks—a Bayesian approach},
	author       = {Yang, Tianbao and Chi, Yun and Zhu, Shenghuo and Gong, Yihong and Jin, Rong},
	year         = 2011,
	journal      = {Machine learning},
	publisher    = {Springer},
	volume       = 82,
	number       = 2,
	pages        = {157--189}
}
@inproceedings{nguyen2011adaptive,
	title        = {Adaptive algorithms for detecting community structure in dynamic social networks},
	author       = {Nguyen, Nam P and Dinh, Thang N and Xuan, Ying and Thai, My T},
	year         = 2011,
	booktitle    = {INFOCOM, 2011 Proceedings IEEE},
	pages        = {2282--2290},
	organization = {IEEE}
}
@article{lin2009analyzing,
	title        = {Analyzing communities and their evolutions in dynamic social networks},
	author       = {Lin, Yu-Ru and Chi, Yun and Zhu, Shenghuo and Sundaram, Hari and Tseng, Belle L},
	year         = 2009,
	journal      = {ACM Transactions on Knowledge Discovery from Data (TKDD)},
	publisher    = {ACM},
	volume       = 3,
	number       = 2,
	pages        = 8
}

@article{de2014mixing,
	title        = {Mixing local and global information for community detection in large networks},
	author       = {De Meo, Pasquale and Ferrara, Emilio and Fiumara, Giacomo and Provetti, Alessandro},
	year         = 2014,
	journal      = {Journal of Computer and System Sciences},
	publisher    = {Elsevier},
	volume       = 80,
	number       = 1,
	pages        = {72--87}
}
@article{coscia2011classification,
	title        = {A classification for community discovery methods in complex networks},
	author       = {Coscia, Michele and Giannotti, Fosca and Pedreschi, Dino},
	year         = 2011,
	journal      = {Statistical Analysis and Data Mining: The ASA Data Science Journal},
	publisher    = {Wiley Online Library},
	volume       = 4,
	number       = 5,
	pages        = {512--546}
}
@inproceedings{xie2012towards,
	title        = {Towards linear time overlapping community detection in social networks},
	author       = {Xie, Jierui and Szymanski, Boleslaw K},
	year         = 2012,
	booktitle    = {Pacific-Asia Conference on Knowledge Discovery and Data Mining},
	pages        = {25--36},
	organization = {Springer}
}
@article{macropol2010scalable,
	title        = {Scalable discovery of best clusters on large graphs},
	author       = {Macropol, Kathy and Singh, Ambuj},
	year         = 2010,
	journal      = {Proceedings of the VLDB Endowment},
	publisher    = {VLDB Endowment},
	volume       = 3,
	number       = {1-2},
	pages        = {693--702}
}
@article{chen2012dense,
	title        = {Dense subgraph extraction with application to community detection},
	author       = {Chen, Jie and Saad, Yousef},
	year         = 2012,
	journal      = {IEEE Transactions on Knowledge and Data Engineering},
	publisher    = {IEEE},
	volume       = 24,
	number       = 7,
	pages        = {1216--1230}
}
@article{blondel2008fast,
	title        = {Fast unfolding of communities in large networks},
	author       = {Blondel, Vincent D and Guillaume, Jean-Loup and Lambiotte, Renaud and Lefebvre, Etienne},
	year         = 2008,
	journal      = {Journal of statistical mechanics: theory and experiment},
	publisher    = {IOP Publishing},
	volume       = 2008,
	number       = 10,
	pages        = {P10008}
}
@article{clauset2004finding,
	title        = {Finding community structure in very large networks},
	author       = {Clauset, Aaron and Newman, Mark EJ and Moore, Cristopher},
	year         = 2004,
	journal      = {Physical review E},
	publisher    = {APS},
	volume       = 70,
	number       = 6,
	pages        = 66111
}
@article{kollios2013clustering,
	title        = {Clustering large probabilistic graphs},
	author       = {Kollios, George and Potamias, Michalis and Terzi, Evimaria},
	year         = 2013,
	journal      = {IEEE Transactions on Knowledge and Data Engineering},
	publisher    = {IEEE},
	volume       = 25,
	number       = 2,
	pages        = {325--336}
}
@article{porter2009communities,
	title        = {Communities in networks},
	author       = {Porter, Mason A and Onnela, Jukka-Pekka and Mucha, Peter J},
	year         = 2009,
	journal      = {Notices of the AMS},
	volume       = 56,
	number       = 9,
	pages        = {1082--1097}
}
@incollection{parthasarathy2011community,
	title        = {Community discovery in social networks: Applications, methods and emerging trends},
	author       = {Parthasarathy, Srinivasan and Ruan, Yiye and Satuluri, Venu},
	year         = 2011,
	booktitle    = {Social network data analytics},
	publisher    = {Springer},
	pages        = {79--113}
}
@article{newman2006modularity,
	title        = {Modularity and community structure in networks},
	author       = {Newman, Mark EJ},
	year         = 2006,
	journal      = {Proceedings of the national academy of sciences},
	publisher    = {National Acad Sciences},
	volume       = 103,
	number       = 23,
	pages        = {8577--8582}
}
@article{arenas2007size,
	title        = {Size reduction of complex networks preserving modularity},
	author       = {Arenas, Alex and Duch, Jordi and Fern{\'a}ndez, Alberto and G{\'o}mez, Sergio},
	year         = 2007,
	journal      = {New Journal of Physics},
	publisher    = {IOP Publishing},
	volume       = 9,
	number       = 6,
	pages        = 176
}
@article{fortunato2007resolution,
	title        = {Resolution limit in community detection},
	author       = {Fortunato, Santo and Barthelemy, Marc},
	year         = 2007,
	journal      = {Proceedings of the National Academy of Sciences},
	publisher    = {National Acad Sciences},
	volume       = 104,
	number       = 1,
	pages        = {36--41}
}
@article{kim2010finding,
	title        = {Finding communities in directed networks},
	author       = {Kim, Youngdo and Son, Seung-Woo and Jeong, Hawoong},
	year         = 2010,
	journal      = {Physical Review E},
	publisher    = {APS},
	volume       = 81,
	number       = 1,
	pages        = 16103
}
@article{nascimento2011spectral,
	title        = {Spectral methods for graph clustering--a survey},
	author       = {Nascimento, Maria CV and De Carvalho, Andre CPLF},
	year         = 2011,
	journal      = {European Journal of Operational Research},
	publisher    = {Elsevier},
	volume       = 211,
	number       = 2,
	pages        = {221--231}
}
@article{guimera2007module,
	title        = {Module identification in bipartite and directed networks},
	author       = {Guimera, Roger and Sales-Pardo, Marta and Amaral, Lu{\'\i}s A Nunes},
	year         = 2007,
	journal      = {Physical Review E},
	publisher    = {APS},
	volume       = 76,
	number       = 3,
	pages        = 36102
}
@inproceedings{yang2010directed,
	title        = {Directed network community detection: A popularity and productivity link model},
	author       = {Yang, Tianbao and Chi, Yun and Zhu, Shenghuo and Gong, Yihong and Jin, Rong},
	year         = 2010,
	booktitle    = {Proceedings of the 2010 SIAM International Conference on Data Mining},
	pages        = {742--753},
	organization = {SIAM}
}
@inproceedings{wang2011detecting,
	title        = {Detecting community kernels in large social networks},
	author       = {Wang, Liaoruo and Lou, Tiancheng and Tang, Jie and Hopcroft, John E},
	year         = 2011,
	booktitle    = {Data Mining (ICDM), 2011 IEEE 11th International Conference on},
	pages        = {784--793},
	organization = {IEEE}
}
@article{leskovec2009community,
	title        = {Community structure in large networks: Natural cluster sizes and the absence of large well-defined clusters},
	author       = {Leskovec, Jure and Lang, Kevin J and Dasgupta, Anirban and Mahoney, Michael W},
	year         = 2009,
	journal      = {Internet Mathematics},
	publisher    = {Taylor \& Francis},
	volume       = 6,
	number       = 1,
	pages        = {29--123}
}
@book{de2018exploratory,
	title        = {Exploratory social network analysis with Pajek},
	author       = {De Nooy, Wouter and Mrvar, Andrej and Batagelj, Vladimir},
	year         = 2018,
	publisher    = {Cambridge University Press}
}
@incollection{ghim2014netminer,
	title        = {NetMiner},
	author       = {Ghim, Ghi-Hoon and Cho, Namun and Seo, Jeongsu},
	year         = 2014,
	booktitle    = {Encyclopedia of Social Network Analysis and Mining},
	publisher    = {Springer},
	pages        = {1025--1037}
}

@article{adamcsek2006cfinder,
	title={CFinder: locating cliques and overlapping modules in biological networks},
	author={Adamcsek, Bal{\'a}zs and Palla, Gergely and Farkas, Ill{\'e}s J and Der{\'e}nyi, Imre and Vicsek, Tam{\'a}s},
	journal={Bioinformatics},
	volume={22},
	number={8},
	pages={1021--1023},
	year={2006},
	publisher={Oxford University Press}
}

@article{bastian2009gephi,
	title        = {Gephi: an open source software for exploring and manipulating networks.},
	author       = {Bastian, Mathieu and Heymann, Sebastien and Jacomy, Mathieu and others},
	year         = 2009,
	journal      = {Icwsm},
	publisher    = {San Jose, California},
	volume       = 8,
	number       = 2009,
	pages        = {361--362}
}
@incollection{borgatti2014ucinet,
	title        = {Ucinet},
	author       = {Borgatti, Stephen P and Everett, Martin G and Freeman, Linton C},
	year         = 2014,
	booktitle    = {Encyclopedia of social network analysis and mining},
	publisher    = {Springer},
	pages        = {2261--2267}
}

@article{orman2012comparative,
	title        = {Comparative evaluation of community detection algorithms: a topological approach},
	author       = {Orman, G{\"u}nce Keziban and Labatut, Vincent and Cherifi, Hocine},
	year         = 2012,
	journal      = {Journal of Statistical Mechanics: Theory and Experiment},
	publisher    = {IOP Publishing},
	volume       = 2012,
	number       = 8,
	pages        = {P08001}
}
@article{gregory2011fuzzy,
	title        = {Fuzzy overlapping communities in networks},
	author       = {Gregory, Steve},
	year         = 2011,
	journal      = {Journal of Statistical Mechanics: Theory and Experiment},
	publisher    = {IOP Publishing},
	volume       = 2011,
	number       = 2,
	pages        = {P02017}
}
@article{havemann2011identification,
	title        = {Identification of overlapping communities and their hierarchy by locally calculating community-changing resolution levels},
	author       = {Havemann, Frank and Heinz, Michael and Struck, Alexander and Gl{\"a}ser, Jochen},
	year         = 2011,
	journal      = {Journal of Statistical Mechanics: Theory and Experiment},
	publisher    = {IOP Publishing},
	volume       = 2011,
	number       = 1,
	pages        = {P01023}
}
@inproceedings{yang2013overlapping,
	title        = {Overlapping community detection at scale: a nonnegative matrix factorization approach},
	author       = {Yang, Jaewon and Leskovec, Jure},
	year         = 2013,
	booktitle    = {Proceedings of the sixth ACM international conference on Web search and data mining},
	pages        = {587--596},
	organization = {ACM}
}
@article{shen2009detect,
	title        = {Detect overlapping and hierarchical community structure in networks},
	author       = {Shen, Huawei and Cheng, Xueqi and Cai, Kai and Hu, Mao-Bin},
	year         = 2009,
	journal      = {Physica A: Statistical Mechanics and its Applications},
	publisher    = {Elsevier},
	volume       = 388,
	number       = 8,
	pages        = {1706--1712}
}
@article{nicosia2009extending,
	title        = {Extending the definition of modularity to directed graphs with overlapping communities},
	author       = {Nicosia, Vincenzo and Mangioni, Giuseppe and Carchiolo, Vincenza and Malgeri, Michele},
	year         = 2009,
	journal      = {Journal of Statistical Mechanics: Theory and Experiment},
	publisher    = {IOP Publishing},
	volume       = 2009,
	number       = 3,
	pages        = {P03024}
}
@article{good2010performance,
	title        = {Performance of modularity maximization in practical contexts},
	author       = {Good, Benjamin H and de Montjoye, Yves-Alexandre and Clauset, Aaron},
	year         = 2010,
	journal      = {Physical Review E},
	publisher    = {APS},
	volume       = 81,
	number       = 4,
	pages        = 46106
}
@article{berry2011tolerating,
	title        = {Tolerating the community detection resolution limit with edge weighting},
	author       = {Berry, Jonathan W and Hendrickson, Bruce and LaViolette, Randall A and Phillips, Cynthia A},
	year         = 2011,
	journal      = {Physical Review E},
	publisher    = {APS},
	volume       = 83,
	number       = 5,
	pages        = 56119
}
@article{newman2004fast,
	title        = {Fast algorithm for detecting community structure in networks},
	author       = {Newman, Mark EJ},
	year         = 2004,
	journal      = {Physical review E},
	publisher    = {APS},
	volume       = 69,
	number       = 6,
	pages        = 66133
}
@article{lancichinetti2009detecting,
	title        = {Detecting the overlapping and hierarchical community structure in complex networks},
	author       = {Lancichinetti, Andrea and Fortunato, Santo and Kert{\'e}sz, J{\'a}nos},
	year         = 2009,
	journal      = {New Journal of Physics},
	publisher    = {IOP Publishing},
	volume       = 11,
	number       = 3,
	pages        = 33015
}
@article{lancichinetti2011finding,
	title        = {Finding statistically significant communities in networks},
	author       = {Lancichinetti, Andrea and Radicchi, Filippo and Ramasco, Jos{\'e} J and Fortunato, Santo},
	year         = 2011,
	journal      = {PloS one},
	publisher    = {Public Library of Science},
	volume       = 6,
	number       = 4,
	pages        = {e18961}
}
@article{lee2010detecting,
	title        = {Detecting highly overlapping community structure by greedy clique expansion},
	author       = {Lee, Conrad and Reid, Fergal and McDaid, Aaron and Hurley, Neil},
	year         = 2010,
	journal      = {arXiv preprint arXiv:1002.1827}
}
@article{zhang2007identification,
	title        = {Identification of overlapping community structure in complex networks using fuzzy c-means clustering},
	author       = {Zhang, Shihua and Wang, Rui-Sheng and Zhang, Xiang-Sun},
	year         = 2007,
	journal      = {Physica A: Statistical Mechanics and its Applications},
	publisher    = {Elsevier},
	volume       = 374,
	number       = 1,
	pages        = {483--490}
}
@article{latouche2011overlapping,
	title        = {Overlapping stochastic block models with application to the french political blogosphere},
	author       = {Latouche, Pierre and Birmel{\'e}, Etienne and Ambroise, Christophe and others},
	year         = 2011,
	journal      = {The Annals of Applied Statistics},
	publisher    = {Institute of Mathematical Statistics},
	volume       = 5,
	number       = 1,
	pages        = {309--336}
}
@article{airoldi2008mixed,
	title        = {Mixed membership stochastic blockmodels},
	author       = {Airoldi, Edoardo M and Blei, David M and Fienberg, Stephen E and Xing, Eric P},
	year         = 2008,
	journal      = {Journal of Machine Learning Research},
	volume       = 9,
	number       = {Sep},
	pages        = {1981--2014}
}
@article{peixoto2017modelling,
	title        = {Modelling sequences and temporal networks with dynamic community structures},
	author       = {Peixoto, Tiago P and Rosvall, Martin},
	year         = 2017,
	journal      = {Nature communications},
	publisher    = {Nature Publishing Group},
	volume       = 8,
	number       = 1,
	pages        = 582
}
@inproceedings{lin2008facetnet,
	title        = {Facetnet: a framework for analyzing communities and their evolutions in dynamic networks},
	author       = {Lin, Yu-Ru and Chi, Yun and Zhu, Shenghuo and Sundaram, Hari and Tseng, Belle L},
	year         = 2008,
	booktitle    = {Proceedings of the 17th international conference on World Wide Web},
	pages        = {685--694},
	organization = {ACM}
}
@inproceedings{chi2007evolutionary,
	title        = {Evolutionary spectral clustering by incorporating temporal smoothness},
	author       = {Chi, Yun and Song, Xiaodan and Zhou, Dengyong and Hino, Koji and Tseng, Belle L},
	year         = 2007,
	booktitle    = {Proceedings of the 13th ACM SIGKDD international conference on Knowledge discovery and data mining},
	pages        = {153--162},
	organization = {ACM}
}
@article{mucha2010community,
	title        = {Community structure in time-dependent, multiscale, and multiplex networks},
	author       = {Mucha, Peter J and Richardson, Thomas and Macon, Kevin and Porter, Mason A and Onnela, Jukka-Pekka},
	year         = 2010,
	journal      = {science},
	publisher    = {American Association for the Advancement of Science},
	volume       = 328,
	number       = 5980,
	pages        = {876--878}
}
@article{ronhovde2011detecting,
	title        = {Detecting hidden spatial and spatio-temporal structures in glasses and complex physical systems by multiresolution network clustering},
	author       = {Ronhovde, P and Chakrabarty, S and Hu, D and Sahu, M and Sahu, KK and Kelton, KF and Mauro, NA and Nussinov, Z},
	year         = 2011,
	journal      = {The European Physical Journal E},
	publisher    = {Springer},
	volume       = 34,
	number       = 9,
	pages        = 105
}
@inproceedings{zhang2007lda,
	title        = {An LDA-based community structure discovery approach for large-scale social networks},
	author       = {Zhang, Haizheng and Qiu, Baojun and Giles, C Lee and Foley, Henry C and Yen, John},
	year         = 2007,
	booktitle    = {Intelligence and Security Informatics, 2007 IEEE},
	pages        = {200--207},
	organization = {IEEE}
}
@inproceedings{sachan2014spatial,
	title        = {Spatial compactness meets topical consistency: jointly modeling links and content for community detection},
	author       = {Sachan, Mrinmaya and Dubey, Avinava and Srivastava, Shashank and Xing, Eric P and Hovy, Eduard},
	year         = 2014,
	booktitle    = {Proceedings of the 7th ACM international conference on Web search and data mining},
	pages        = {503--512},
	organization = {ACM}
}
@article{ding2011community,
	title        = {Community detection: topological vs. topical},
	author       = {Ding, Ying},
	year         = 2011,
	journal      = {Journal of Informetrics},
	publisher    = {Elsevier},
	volume       = 5,
	number       = 4,
	pages        = {498--514}
}
@article{tang2012community,
	title        = {Community detection via heterogeneous interaction analysis},
	author       = {Tang, Lei and Wang, Xufei and Liu, Huan},
	year         = 2012,
	journal      = {Data mining and knowledge discovery},
	publisher    = {Springer},
	volume       = 25,
	number       = 1,
	pages        = {1--33}
}
@article{huang2018overlapping,
	title        = {Overlapping community detection in heterogeneous social networks via the user model},
	author       = {Huang, Mingqing and Zou, Guobing and Zhang, Bofeng and Liu, Yue and Gu, Yajun and Jiang, Keyuan},
	year         = 2018,
	journal      = {Information Sciences},
	publisher    = {Elsevier},
	volume       = 432,
	pages        = {164--184}
}
@article{xie2014community,
	title        = {Community-aware user profile enrichment in folksonomy},
	author       = {Xie, Haoran and Li, Qing and Mao, Xudong and Li, Xiaodong and Cai, Yi and Rao, Yanghui},
	year         = 2014,
	journal      = {Neural Networks},
	publisher    = {Elsevier},
	volume       = 58,
	pages        = {111--121}
}
@article{sun2013pathselclus,
	title        = {Pathselclus: Integrating meta-path selection with user-guided object clustering in heterogeneous information networks},
	author       = {Sun, Yizhou and Norick, Brandon and Han, Jiawei and Yan, Xifeng and Yu, Philip S and Yu, Xiao},
	year         = 2013,
	journal      = {ACM Transactions on Knowledge Discovery from Data (TKDD)},
	publisher    = {ACM},
	volume       = 7,
	number       = 3,
	pages        = 11
}
@article{ronhovde2010local,
	title        = {Local resolution-limit-free Potts model for community detection},
	author       = {Ronhovde, Peter and Nussinov, Zohar},
	year         = 2010,
	journal      = {Physical Review E},
	publisher    = {APS},
	volume       = 81,
	number       = 4,
	pages        = 46114
}
@article{traag2011narrow,
	title        = {Narrow scope for resolution-limit-free community detection},
	author       = {Traag, Vincent A and Van Dooren, Paul and Nesterov, Yurii},
	year         = 2011,
	journal      = {Physical Review E},
	publisher    = {APS},
	volume       = 84,
	number       = 1,
	pages        = 16114
}
@inproceedings{shao2015deep,
	title        = {Deep Linear Coding for Fast Graph Clustering.},
	author       = {Shao, Ming and Li, Sheng and Ding, Zhengming and Fu, Yun},
	year         = 2015,
	booktitle    = {IJCAI},
	pages        = {3798--3804}
}
@article{zheng2016node,
	title        = {From node embedding to community embedding},
	author       = {Zheng, Vincent W and Cavallari, Sandro and Cai, Hongyun and Chang, Kevin Chen-Chuan and Cambria, Erik},
	year         = 2016,
	journal      = {arXiv preprint arXiv:1610.09950}
}
@inproceedings{rozemberczki2019gemsec,
	title        = {Gemsec: Graph embedding with self clustering},
	author       = {Rozemberczki, Benedek and Davies, Ryan and Sarkar, Rik and Sutton, Charles},
	year         = 2019,
	booktitle    = {Proceedings of the 2019 IEEE/ACM International Conference on Advances in Social Networks Analysis and Mining},
	pages        = {65--72}
}
@inproceedings{ye2018deep,
	title        = {Deep autoencoder-like nonnegative matrix factorization for community detection},
	author       = {Ye, Fanghua and Chen, Chuan and Zheng, Zibin},
	year         = 2018,
	booktitle    = {Proceedings of the 27th ACM International Conference on Information and Knowledge Management},
	pages        = {1393--1402}
}
@inproceedings{yin2017local,
	title        = {Local higher-order graph clustering},
	author       = {Yin, Hao and Benson, Austin R and Leskovec, Jure and Gleich, David F},
	year         = 2017,
	booktitle    = {Proceedings of the 23rd ACM SIGKDD International Conference on Knowledge Discovery and Data Mining},
	pages        = {555--564},
	organization = {ACM}
}
@article{he2016evolutionary,
	title={Evolutionary graph clustering for protein complex identification},
	author={He, Tiantian and Chan, Keith CC},
	journal={IEEE/ACM transactions on computational biology and bioinformatics},
	volume={15},
	number={3},
	pages={892--904},
	year={2016},
	publisher={IEEE}
}
@article{chang2017mathsf,
	title={$$\backslash$mathsf $\{$pSCAN$\}$ $: Fast and Exact Structural Graph Clustering},
	author={Chang, Lijun and Li, Wei and Qin, Lu and Zhang, Wenjie and Yang, Shiyu},
	journal={IEEE Transactions on Knowledge and Data Engineering},
	volume={29},
	number={2},
	pages={387--401},
	year={2017},
	publisher={IEEE}
}

@article{pan2014online,
	title={Online community detection for large complex networks},
	author={Pan, Gang and Zhang, Wangsheng and Wu, Zhaohui and Li, Shijian},
	journal={PloS one},
	volume={9},
	number={7},
	pages={e102799},
	year={2014},
	publisher={Public Library of Science}
}
@inproceedings{veldt2019learning,
	title={Learning resolution parameters for graph clustering},
	author={Veldt, Nate and Gleich, David and Wirth, Anthony},
	booktitle={The World Wide Web Conference},
	pages={1909--1919},
	year={2019}
}
@inproceedings{li2017inhomogeneous,
	title        = {Inhomogeneous hypergraph clustering with applications},
	author       = {Li, Pan and Milenkovic, Olgica},
	year         = 2017,
	booktitle    = {Advances in Neural Information Processing Systems},
	pages        = {2308--2318}
}
@inproceedings{yang2013community,
	title        = {Community detection in networks with node attributes},
	author       = {Yang, Jaewon and McAuley, Julian and Leskovec, Jure},
	year         = 2013,
	booktitle    = {Data Mining (ICDM), 2013 IEEE 13th international conference on},
	pages        = {1151--1156},
	organization = {IEEE}
}
@inproceedings{zhang2015incorporating,
	title        = {Incorporating Implicit Link Preference Into Overlapping Community Detection.},
	author       = {Zhang, Hongyi and King, Irwin and Lyu, Michael R},
	year         = 2015,
	booktitle    = {AAAI},
	pages        = {396--402}
}
@inproceedings{zhang2016modeling,
	title        = {Modeling the Homophily Effect between Links and Communities for Overlapping Community Detection.},
	author       = {Zhang, Hongyi and Zhao, Tong and King, Irwin and Lyu, Michael R},
	year         = 2016,
	booktitle    = {IJCAI},
	pages        = {3938--3944}
}
@inproceedings{zhang2012overlapping,
	title        = {Overlapping community detection via bounded nonnegative matrix tri-factorization},
	author       = {Zhang, Yu and Yeung, Dit-Yan},
	year         = 2012,
	booktitle    = {Proceedings of the 18th ACM SIGKDD international conference on Knowledge discovery and data mining},
	pages        = {606--614},
	organization = {ACM}
}
@article{zhang2013overlapping,
	title        = {Overlapping community detection in complex networks using symmetric binary matrix factorization},
	author       = {Zhang, Zhong-Yuan and Wang, Yong and Ahn, Yong-Yeol},
	year         = 2013,
	journal      = {Physical Review E},
	publisher    = {APS},
	volume       = 87,
	number       = 6,
	pages        = 62803
}
@article{zheng2017finding,
	title        = {Finding weighted k-truss communities in large networks},
	author       = {Zheng, Zibin and Ye, Fanghua and Li, Rong-Hua and Ling, Guohui and Jin, Tan},
	year         = 2017,
	journal      = {Information Sciences},
	publisher    = {Elsevier},
	volume       = 417,
	pages        = {344--360}
}
@article{wen2018direction,
	title        = {Direction Recovery in Undirected Social Networks Based on Community Structure and Popularity},
	author       = {Wen, Yi-Ming and Huang, Ling and Wang, Chang-Dong and Lin, Kun-Yu},
	year         = 2018,
	journal      = {Information Sciences},
	publisher    = {Elsevier},
	volume       = 473,
	pages        = {31--43}
}
@article{xie2013overlapping,
	title        = {Overlapping community detection in networks: The state-of-the-art and comparative study},
	author       = {Xie, Jierui and Kelley, Stephen and Szymanski, Boleslaw K},
	year         = 2013,
	journal      = {Acm computing surveys (csur)},
	publisher    = {ACM},
	volume       = 45,
	number       = 4,
	pages        = 43
}
@article{wu2018nonnegative,
	title        = {Nonnegative matrix factorization with mixed hypergraph regularization for community detection},
	author       = {Wu, Wenhui and Kwong, Sam and Zhou, Yu and Jia, Yuheng and Gao, Wei},
	year         = 2018,
	journal      = {Information Sciences},
	publisher    = {Elsevier},
	volume       = 435,
	pages        = {263--281}
}
@inproceedings{li2017semi,
	title={Semi-supervised clustering in attributed heterogeneous information networks},
	author={Li, Xiang and Wu, Yao and Ester, Martin and Kao, Ben and Wang, Xin and Zheng, Yudian},
	booktitle={Proceedings of the 26th International Conference on World Wide Web},
	pages={1621--1629},
	year={2017}
}
@inproceedings{veldt2018correlation,
	title        = {A Correlation Clustering Framework for Community Detection},
	author       = {Veldt, Nate and Gleich, David F and Wirth, Anthony},
	year         = 2018,
	booktitle    = {Proceedings of the 2018 World Wide Web Conference on World Wide Web},
	pages        = {439--448},
	organization = {International World Wide Web Conferences Steering Committee}
}
@inproceedings{sun2017non,
	title        = {A Non-negative Symmetric Encoder-Decoder Approach for Community Detection},
	author       = {Sun, Bing-Jie and Shen, Huawei and Gao, Jinhua and Ouyang, Wentao and Cheng, Xueqi},
	year         = 2017,
	booktitle    = {Proceedings of the 2017 ACM on Conference on Information and Knowledge Management},
	pages        = {597--606},
	organization = {ACM}
}
@article{psorakis2011overlapping,
	title        = {},Overlapping community detection using bayesian non-negative matrix factorization
	author       = {Psorakis, Ioannis and Roberts, Stephen and Ebden, Mark and Sheldon, Ben},
	year         = 2011,
	journal      = {Physical Review E},
	publisher    = {APS},
	volume       = 83,
	number       = 6,
	pages        = 66114
}
@inproceedings{luo2020deep,
	title={Deep Multi-Graph Clustering via Attentive Cross-Graph Association},
	author={Luo, Dongsheng and Ni, Jingchao and Wang, Suhang and Bian, Yuchen and Yu, Xiong and Zhang, Xiang},
	booktitle={Proceedings of the 13th International Conference on Web Search and Data Mining},
	pages={393--401},
	year={2020}
}

@inproceedings{chakraborty2015nonnegative,
	title        = {Nonnegative matrix tri-factorization with graph regularization for community detection in social networks},
	author       = {Chakraborty, Yulong Pei1 Nilanjan and Sycara, Katia},
	year         = 2015,
	booktitle    = {AAAI},
	pages        = {2083--2089},
	organization = {AAAI Press}
}
@inproceedings{nguyen2011overlapping,
	title        = {Overlapping communities in dynamic networks: their detection and mobile applications},
	author       = {Nguyen, Nam P and Dinh, Thang N and Tokala, Sindhura and Thai, My T},
	year         = 2011,
	booktitle    = {Proceedings of the 17th annual international conference on Mobile computing and networking},
	pages        = {85--96},
	organization = {ACM}
}
@inproceedings{leskovec2010empirical,
	title        = {Empirical comparison of algorithms for network community detection},
	author       = {Leskovec, Jure and Lang, Kevin J and Mahoney, Michael},
	year         = 2010,
	booktitle    = {Proceedings of the 19th international conference on World wide web},
	pages        = {631--640},
	organization = {ACM}
}
@inproceedings{cui2014local,
	title        = {Local search of communities in large graphs},
	author       = {Cui, Wanyun and Xiao, Yanghua and Wang, Haixun and Wang, Wei},
	year         = 2014,
	booktitle    = {Proceedings of the 2014 ACM SIGMOD international conference on Management of data},
	pages        = {991--1002},
	organization = {ACM}
}
@inproceedings{ciglan2013community,
	title        = {On community detection in real-world networks and the importance of degree assortativity},
	author       = {Ciglan, Marek and Laclav{\'\i}k, Michal and N{\o}rv{\aa}g, Kjetil},
	year         = 2013,
	booktitle    = {Proceedings of the 19th ACM SIGKDD international conference on Knowledge discovery and data mining},
	pages        = {1007--1015},
	organization = {ACM}
}
@inproceedings{chakraborty2014permanence,
	title        = {On the permanence of vertices in network communities},
	author       = {Chakraborty, Tanmoy and Srinivasan, Sriram and Ganguly, Niloy and Mukherjee, Animesh and Bhowmick, Sanjukta},
	year         = 2014,
	booktitle    = {Proceedings of the 20th ACM SIGKDD international conference on Knowledge discovery and data mining},
	pages        = {1396--1405},
	organization = {ACM}
}
@article{chakraborty2017metrics,
	title        = {Metrics for community analysis: A survey},
	author       = {Chakraborty, Tanmoy and Dalmia, Ayushi and Mukherjee, Animesh and Ganguly, Niloy},
	year         = 2017,
	journal      = {ACM Computing Surveys (CSUR)},
	publisher    = {ACM},
	volume       = 50,
	number       = 4,
	pages        = 54
}
@inproceedings{white2005spectral,
	title        = {A spectral clustering approach to finding communities in graphs},
	author       = {White, Scott and Smyth, Padhraic},
	year         = 2005,
	booktitle    = {Proceedings of the 2005 SIAM international conference on data mining},
	pages        = {274--285},
	organization = {SIAM}
}
@inproceedings{satuluri2009scalable,
	title        = {Scalable graph clustering using stochastic flows: applications to community discovery},
	author       = {Satuluri, Venu and Parthasarathy, Srinivasan},
	year         = 2009,
	booktitle    = {Proceedings of the 15th ACM SIGKDD international conference on Knowledge discovery and data mining},
	pages        = {737--746},
	organization = {ACM}
}
@inproceedings{hallac2015network,
	title        = {Network lasso: Clustering and optimization in large graphs},
	author       = {Hallac, David and Leskovec, Jure and Boyd, Stephen},
	year         = 2015,
	booktitle    = {Proceedings of the 21th ACM SIGKDD international conference on knowledge discovery and data mining},
	pages        = {387--396},
	organization = {ACM}
}
@inproceedings{kumar2017army,
	title        = {An army of me: Sockpuppets in online discussion communities},
	author       = {Kumar, Srijan and Cheng, Justin and Leskovec, Jure and Subrahmanian, VS},
	year         = 2017,
	booktitle    = {Proceedings of the 26th International Conference on World Wide Web},
	pages        = {857--866},
	organization = {International World Wide Web Conferences Steering Committee}
}
@inproceedings{benson2015tensor,
	title        = {Tensor spectral clustering for partitioning higher-order network structures},
	author       = {Benson, Austin R and Gleich, David F and Leskovec, Jure},
	year         = 2015,
	booktitle    = {Proceedings of the 2015 SIAM International Conference on Data Mining},
	pages        = {118--126},
	organization = {SIAM}
}
@article{yang2014overlapping,
	title        = {Overlapping Communities Explain Core-Periphery Organization of Networks.},
	author       = {Yang, Jaewon and Leskovec, Jure},
	year         = 2014,
	journal      = {Proceedings of the IEEE},
	volume       = 102,
	number       = 12,
	pages        = {1892--1902}
}
@article{cheng2014community,
	title        = {How community feedback shapes user behavior},
	author       = {Cheng, Justin and Danescu-Niculescu-Mizil, Cristian and Leskovec, Jure},
	year         = 2014,
	journal      = {arXiv preprint arXiv:1405.1429}
}
@inproceedings{kim2013nonparametric,
	title        = {Nonparametric multi-group membership model for dynamic networks},
	author       = {Kim, Myunghwan and Leskovec, Jure},
	year         = 2013,
	booktitle    = {Advances in neural information processing systems},
	pages        = {1385--1393}
}
@inproceedings{danescu2013no,
	title        = {No country for old members: User lifecycle and linguistic change in online communities},
	author       = {Danescu-Niculescu-Mizil, Cristian and West, Robert and Jurafsky, Dan and Leskovec, Jure and Potts, Christopher},
	year         = 2013,
	booktitle    = {Proceedings of the 22nd international conference on World Wide Web},
	pages        = {307--318},
	organization = {ACM}
}
@inproceedings{gupta2012community,
	title        = {Community trend outlier detection using soft temporal pattern mining},
	author       = {Gupta, Manish and Gao, Jing and Sun, Yizhou and Han, Jiawei},
	year         = 2012,
	booktitle    = {Joint European Conference on Machine Learning and Knowledge Discovery in Databases},
	pages        = {692--708},
	organization = {Springer}
}
@inproceedings{gupta2012integrating,
	title        = {Integrating community matching and outlier detection for mining evolutionary community outliers},
	author       = {Gupta, Manish and Gao, Jing and Sun, Yizhou and Han, Jiawei},
	year         = 2012,
	booktitle    = {Proceedings of the 18th ACM SIGKDD international conference on Knowledge discovery and data mining},
	pages        = {859--867},
	organization = {ACM}
}
@inproceedings{gupta2011evolutionary,
	title        = {Evolutionary clustering and analysis of bibliographic networks},
	author       = {Gupta, Manish and Aggarwal, Charu C and Han, Jiawei and Sun, Yizhou},
	year         = 2011,
	booktitle    = {Advances in Social Networks Analysis and Mining (ASONAM), 2011 International Conference on},
	pages        = {63--70},
	organization = {IEEE}
}
@inproceedings{gupta2013community,
	title        = {Community distribution outlier detection in heterogeneous information networks},
	author       = {Gupta, Manish and Gao, Jing and Han, Jiawei},
	year         = 2013,
	booktitle    = {Joint European Conference on Machine Learning and Knowledge Discovery in Databases},
	pages        = {557--573},
	organization = {Springer}
}
@article{wang2017overlapping,
	title        = {Overlapping Community Detection Based on Structural Centrality in Complex Networks},
	author       = {Wang, Xiaofeng and Liu, Gongshen and Li, Jianhua},
	year         = 2017,
	journal      = {IEEE Access},
	publisher    = {IEEE},
	volume       = 5,
	pages        = {25258--25269}
}
@article{chen2015deep,
	title        = {Deep community detection},
	author       = {Chen, Pin-Yu and Hero, Alfred O},
	year         = 2015,
	journal      = {IEEE Transactions on Signal Processing},
	publisher    = {IEEE},
	volume       = 63,
	number       = 21,
	pages        = {5706--5719}
}
@article{li2016fast,
	title        = {Fast and accurate mining the community structure: integrating center locating and membership optimization},
	author       = {Li, Hui-Jia and Bu, Zhan and Li, Aihua and Liu, Zhidong and Shi, Yong},
	year         = 2016,
	journal      = {IEEE Transactions on Knowledge and Data Engineering},
	publisher    = {IEEE},
	volume       = 28,
	number       = 9,
	pages        = {2349--2362}
}
@article{he2018hidden,
	title        = {Hidden community detection in social networks},
	author       = {He, Kun and Li, Yingru and Soundarajan, Sucheta and Hopcroft, John E},
	year         = 2018,
	journal      = {Information Sciences},
	publisher    = {Elsevier},
	volume       = 425,
	pages        = {92--106}
}
@inproceedings{chen2014local,
	title        = {Local Fiedler vector centrality for detection of deep and overlapping communities in networks},
	author       = {Chen, Pin-Yu and Hero, Alfred O},
	year         = 2014,
	booktitle    = {Acoustics, Speech and Signal Processing (ICASSP), 2014 IEEE International Conference on},
	pages        = {1120--1124},
	organization = {IEEE}
}
@article{wen2011improving,
	title        = {Improving community detection in networks by targeted node removal},
	author       = {Wen, Haoran and Leicht, EA and D’Souza, Raissa M},
	year         = 2011,
	journal      = {Physical Review E},
	publisher    = {APS},
	volume       = 83,
	number       = 1,
	pages        = 16114
}
@inproceedings{balakrishnan2011noise,
	title        = {Noise thresholds for spectral clustering},
	author       = {Balakrishnan, Sivaraman and Xu, Min and Krishnamurthy, Akshay and Singh, Aarti},
	year         = 2011,
	booktitle    = {Advances in Neural Information Processing Systems},
	pages        = {954--962}
}
@article{nadakuditi2012graph,
	title        = {Graph spectra and the detectability of community structure in networks},
	author       = {Nadakuditi, Raj Rao and Newman, Mark EJ},
	year         = 2012,
	journal      = {Physical review letters},
	publisher    = {APS},
	volume       = 108,
	number       = 18,
	pages        = 188701
}
@inproceedings{he2015stochastic,
	title        = {A Stochastic Model for Detecting Heterogeneous Link Communities in Complex Networks.},
	author       = {He, Dongxiao and Liu, Dayou and Jin, Di and Zhang, Weixiong},
	year         = 2015,
	booktitle    = {AAAI},
	pages        = {130--136}
}
@inproceedings{jin2015modeling,
	title        = {Modeling with Node Degree Preservation Can Accurately Find Communities.},
	author       = {Jin, Di and Chen, Zheng and He, Dongxiao and Zhang, Weixiong},
	year         = 2015,
	booktitle    = {AAAI},
	pages        = {160--167}
}
@article{jin2015combined,
	title        = {Combined node and link partitions method for finding overlapping communities in complex networks},
	author       = {Jin, Di and Gabrys, Bogdan and Dang, Jianwu},
	year         = 2015,
	journal      = {Scientific reports},
	publisher    = {Nature Publishing Group},
	volume       = 5,
	pages        = 8600
}
@article{yang2015unified,
	title        = {A unified semi-supervised community detection framework using latent space graph regularization},
	author       = {Yang, Liang and Cao, Xiaochun and Jin, Di and Wang, Xiao and Meng, Dan},
	year         = 2015,
	journal      = {IEEE transactions on cybernetics},
	publisher    = {IEEE},
	volume       = 45,
	number       = 11,
	pages        = {2585--2598}
}
@article{cai2017community,
	title        = {From community detection to community profiling},
	author       = {Cai, Hongyun and Zheng, Vincent W and Zhu, Fanwei and Chang, Kevin Chen-Chuan and Huang, Zi},
	year         = 2017,
	journal      = {Proceedings of the VLDB Endowment},
	publisher    = {VLDB Endowment},
	volume       = 10,
	number       = 7,
	pages        = {817--828}
}
@inproceedings{kozdoba2015community,
	title        = {Community detection via measure space embedding},
	author       = {Kozdoba, Mark and Mannor, Shie},
	year         = 2015,
	booktitle    = {Advances in Neural Information Processing Systems},
	pages        = {2890--2898}
}
@article{sun2012relation,
	title        = {Relation strength-aware clustering of heterogeneous information networks with incomplete attributes},
	author       = {Sun, Yizhou and Aggarwal, Charu C and Han, Jiawei},
	year         = 2012,
	journal      = {Proceedings of the VLDB Endowment},
	publisher    = {VLDB Endowment},
	volume       = 5,
	number       = 5,
	pages        = {394--405}
}
@article{wang2015community,
	title        = {Community detection in social networks: an in-depth benchmarking study with a procedure-oriented framework},
	author       = {Wang, Meng and Wang, Chaokun and Yu, Jeffrey Xu and Zhang, Jun},
	year         = 2015,
	journal      = {Proceedings of the VLDB Endowment},
	publisher    = {VLDB Endowment},
	volume       = 8,
	number       = 10,
	pages        = {998--1009}
}
@article{santiago2017efficient,
	title        = {Efficient modularity density heuristics for large graphs},
	author       = {Santiago, Rafael and Lamb, Lu{\'\i}s C},
	year         = 2017,
	journal      = {European Journal of Operational Research},
	publisher    = {Elsevier},
	volume       = 258,
	number       = 3,
	pages        = {844--865}
}
@article{garcia2018applications,
	title        = {Applications of community detection techniques to brain graphs: Algorithmic considerations and implications for neural function},
	author       = {Garcia, Javier O and Ashourvan, Arian and Muldoon, Sarah and Vettel, Jean M and Bassett, Danielle S},
	year         = 2018,
	journal      = {Proceedings of the IEEE},
	publisher    = {IEEE},
	volume       = 106,
	number       = 5,
	pages        = {846--867}
}
@article{delvenne2010stability,
	title        = {Stability of graph communities across time scales},
	author       = {Delvenne, J-C and Yaliraki, Sophia N and Barahona, Mauricio},
	year         = 2010,
	journal      = {Proceedings of the National Academy of Sciences},
	publisher    = {National Acad Sciences}
}
@article{carley2014ora,
	title        = {ORA: A toolkit for dynamic network analysis and visualization},
	author       = {Carley, Kathleen M},
	year         = 2014,
	journal      = {Encyclopedia of social network analysis and mining},
	publisher    = {Springer},
	pages        = {1219--1228}
}
@article{basuchowdhuri2019fast,
	title        = {Fast detection of community structures using graph traversal in social networks},
	author       = {Basuchowdhuri, Partha and Sikdar, Satyaki and Nagarajan, Varsha and Mishra, Khusbu and Gupta, Surabhi and Majumder, Subhashis},
	year         = 2019,
	journal      = {Knowledge and Information Systems},
	publisher    = {Springer},
	volume       = 59,
	number       = 1,
	pages        = {1--31}
}
@article{bhatia2018dfuzzy,
	title        = {Dfuzzy: a deep learning-based fuzzy clustering model for large graphs},
	author       = {Bhatia, Vandana and Rani, Rinkle},
	year         = 2018,
	journal      = {Knowledge and Information Systems},
	publisher    = {Springer},
	volume       = 57,
	number       = 1,
	pages        = {159--181}
}
@inproceedings{yang2016modularity,
	title        = {Modularity Based Community Detection with Deep Learning.},
	author       = {Yang, Liang and Cao, Xiaochun and He, Dongxiao and Wang, Chuan and Wang, Xiao and Zhang, Weixiong},
	year         = 2016,
	booktitle    = {IJCAI},
	volume       = 16,
	pages        = {2252--2258}
}
@article{huang2018robust,
	title        = {Robust graph regularized nonnegative matrix factorization for clustering},
	author       = {Huang, Shudong and Wang, Hongjun and Li, Tao and Li, Tianrui and Xu, Zenglin},
	year         = 2018,
	journal      = {Data Mining and Knowledge Discovery},
	publisher    = {Springer},
	volume       = 32,
	number       = 2,
	pages        = {483--503}
}
@article{rohe2011spectral,
	title        = {Spectral clustering and the high-dimensional stochastic blockmodel},
	author       = {Rohe, Karl and Chatterjee, Sourav and Yu, Bin and others},
	year         = 2011,
	journal      = {The Annals of Statistics},
	publisher    = {Institute of Mathematical Statistics},
	volume       = 39,
	number       = 4,
	pages        = {1878--1915}
}
@article{lei2015consistency,
	title        = {Consistency of spectral clustering in stochastic block models},
	author       = {Lei, Jing and Rinaldo, Alessandro and others},
	year         = 2015,
	journal      = {The Annals of Statistics},
	publisher    = {Institute of Mathematical Statistics},
	volume       = 43,
	number       = 1,
	pages        = {215--237}
}
@article{gao2018community,
	title        = {Community detection in degree-corrected block models},
	author       = {Gao, Chao and Ma, Zongming and Zhang, Anderson Y and Zhou, Harrison H and others},
	year         = 2018,
	journal      = {The Annals of Statistics},
	publisher    = {Institute of Mathematical Statistics},
	volume       = 46,
	number       = 5,
	pages        = {2153--2185}
}
@article{newman2016equivalence,
	title        = {Equivalence between modularity optimization and maximum likelihood methods for community detection},
	author       = {Newman, Mark EJ},
	year         = 2016,
	journal      = {Physical Review E},
	publisher    = {APS},
	volume       = 94,
	number       = 5,
	pages        = 52315
}
@inproceedings{mossel2016density,
	title        = {Density evolution in the degree-correlated stochastic block model},
	author       = {Mossel, Elchanan and Xu, Jiaming},
	year         = 2016,
	booktitle    = {Conference on Learning Theory},
	pages        = {1319--1356}
}
@article{ames2014guaranteed,
	title        = {Guaranteed clustering and biclustering via semidefinite programming},
	author       = {Ames, Brendan PW},
	year         = 2014,
	journal      = {Mathematical Programming},
	publisher    = {Springer},
	volume       = 147,
	number       = {1-2},
	pages        = {429--465}
}
@article{amini2013pseudo,
	title        = {Pseudo-likelihood methods for community detection in large sparse networks},
	author       = {Amini, Arash A and Chen, Aiyou and Bickel, Peter J and Levina, Elizaveta and others},
	year         = 2013,
	journal      = {The Annals of Statistics},
	publisher    = {Institute of Mathematical Statistics},
	volume       = 41,
	number       = 4,
	pages        = {2097--2122}
}
@article{bickel2013asymptotic,
	title        = {Asymptotic normality of maximum likelihood and its variational approximation for stochastic blockmodels},
	author       = {Bickel, Peter and Choi, David and Chang, Xiangyu and Zhang, Hai and others},
	year         = 2013,
	journal      = {The Annals of Statistics},
	publisher    = {Institute of Mathematical Statistics},
	volume       = 41,
	number       = 4,
	pages        = {1922--1943}
}
@inproceedings{chaudhuri2012spectral,
	title        = {Spectral clustering of graphs with general degrees in the extended planted partition model},
	author       = {Chaudhuri, Kamalika and Chung, Fan and Tsiatas, Alexander},
	year         = 2012,
	booktitle    = {Conference on Learning Theory},
	pages        = {35--1}
}
@inproceedings{chen2012clustering,
	title        = {Clustering sparse graphs},
	author       = {Chen, Yudong and Sanghavi, Sujay and Xu, Huan},
	year         = 2012,
	booktitle    = {Advances in neural information processing systems},
	pages        = {2204--2212}
}
@article{coja2010finding,
	title        = {Finding planted partitions in random graphs with general degree distributions},
	author       = {Coja-Oghlan, Amin and Lanka, Andr{\'e}},
	year         = 2010,
	journal      = {SIAM Journal on Discrete Mathematics},
	publisher    = {SIAM},
	volume       = 23,
	number       = 4,
	pages        = {1682--1714}
}
@article{fishkind2013consistent,
	title        = {Consistent adjacency-spectral partitioning for the stochastic block model when the model parameters are unknown},
	author       = {Fishkind, Donniell E and Sussman, Daniel L and Tang, Minh and Vogelstein, Joshua T and Priebe, Carey E},
	year         = 2013,
	journal      = {SIAM Journal on Matrix Analysis and Applications},
	publisher    = {SIAM},
	volume       = 34,
	number       = 1,
	pages        = {23--39}
}
@article{chen2014clustering,
	title        = {Clustering partially observed graphs via convex optimization},
	author       = {Chen, Yudong and Jalali, Ali and Sanghavi, Sujay and Xu, Huan},
	year         = 2014,
	journal      = {The Journal of Machine Learning Research},
	publisher    = {JMLR. org},
	volume       = 15,
	number       = 1,
	pages        = {2213--2238}
}
@article{oymak2011finding,
	title        = {Finding dense clusters via" low rank+ sparse" decomposition},
	author       = {Oymak, Samet and Hassibi, Babak},
	year         = 2011,
	journal      = {arXiv preprint arXiv:1104.5186}
}
@article{sussman2012consistent,
	title        = {A consistent adjacency spectral embedding for stochastic blockmodel graphs},
	author       = {Sussman, Daniel L and Tang, Minh and Fishkind, Donniell E and Priebe, Carey E},
	year         = 2012,
	journal      = {Journal of the American Statistical Association},
	publisher    = {Taylor \& Francis Group},
	volume       = 107,
	number       = 499,
	pages        = {1119--1128}
}
@article{zhao2012consistency,
	title        = {Consistency of community detection in networks under degree-corrected stochastic block models},
	author       = {Zhao, Yunpeng and Levina, Elizaveta and Zhu, Ji and others},
	year         = 2012,
	journal      = {The Annals of Statistics},
	publisher    = {Institute of Mathematical Statistics},
	volume       = 40,
	number       = 4,
	pages        = {2266--2292}
}
@article{bickel2016hypothesis,
	title        = {Hypothesis testing for automated community detection in networks},
	author       = {Bickel, Peter J and Sarkar, Purnamrita},
	year         = 2016,
	journal      = {Journal of the Royal Statistical Society: Series B (Statistical Methodology)},
	publisher    = {Wiley Online Library},
	volume       = 78,
	number       = 1,
	pages        = {253--273}
}
@article{celisse2012consistency,
	title        = {Consistency of maximum-likelihood and variational estimators in the stochastic block model},
	author       = {Celisse, Alain and Daudin, Jean-Jacques and Pierre, Laurent and others},
	year         = 2012,
	journal      = {Electronic Journal of Statistics},
	publisher    = {The Institute of Mathematical Statistics and the Bernoulli Society},
	volume       = 6,
	pages        = {1847--1899}
}
@article{choi2012stochastic,
	title        = {Stochastic blockmodels with a growing number of classes},
	author       = {Choi, David S and Wolfe, Patrick J and Airoldi, Edoardo M},
	year         = 2012,
	journal      = {Biometrika},
	publisher    = {Oxford University Press},
	volume       = 99,
	number       = 2,
	pages        = {273--284}
}
@article{decelle2011asymptotic,
	title        = {Asymptotic analysis of the stochastic block model for modular networks and its algorithmic applications},
	author       = {Decelle, Aurelien and Krzakala, Florent and Moore, Cristopher and Zdeborov{\'a}, Lenka},
	year         = 2011,
	journal      = {Physical Review E},
	publisher    = {APS},
	volume       = 84,
	number       = 6,
	pages        = 66106
}
@article{joseph2016impact,
	title        = {Impact of regularization on spectral clustering},
	author       = {Joseph, Antony and Yu, Bin and others},
	year         = 2016,
	journal      = {The Annals of Statistics},
	publisher    = {Institute of Mathematical Statistics},
	volume       = 44,
	number       = 4,
	pages        = {1765--1791}
}
@article{zhao2011community,
	title        = {Community extraction for social networks},
	author       = {Zhao, Yunpeng and Levina, Elizaveta and Zhu, Ji},
	year         = 2011,
	journal      = {Proceedings of the National Academy of Sciences},
	publisher    = {National Acad Sciences},
	volume       = 108,
	number       = 18,
	pages        = {7321--7326}
}
@article{chen2018network,
	title        = {Network cross-validation for determining the number of communities in network data},
	author       = {Chen, Kehui and Lei, Jing},
	year         = 2018,
	journal      = {Journal of the American Statistical Association},
	publisher    = {Taylor \& Francis},
	volume       = 113,
	number       = 521,
	pages        = {241--251}
}
@inproceedings{massoulie2014community,
	title        = {Community detection thresholds and the weak Ramanujan property},
	author       = {Massouli{\'e}, Laurent},
	year         = 2014,
	booktitle    = {Proceedings of the forty-sixth annual ACM symposium on Theory of computing},
	pages        = {694--703}
}
@article{saldana2017many,
	title        = {How many communities are there?},
	author       = {Saldana, D Franco and Yu, Yi and Feng, Yang},
	year         = 2017,
	journal      = {Journal of Computational and Graphical Statistics},
	publisher    = {Taylor \& Francis},
	volume       = 26,
	number       = 1,
	pages        = {171--181}
}
@article{yan2014model,
	title        = {Model selection for degree-corrected block models},
	author       = {Yan, Xiaoran and Shalizi, Cosma and Jensen, Jacob E and Krzakala, Florent and Moore, Cristopher and Zdeborov{\'a}, Lenka and Zhang, Pan and Zhu, Yaojia},
	year         = 2014,
	journal      = {Journal of Statistical Mechanics: Theory and Experiment},
	publisher    = {IOP Publishing},
	volume       = 2014,
	number       = 5,
	pages        = {P05007}
}
@article{abrahao2014separability,
	title        = {A separability framework for analyzing community structure},
	author       = {Abrahao, Bruno and Soundarajan, Sucheta and Hopcroft, John and Kleinberg, Robert},
	year         = 2014,
	journal      = {ACM Transactions on Knowledge Discovery from Data (TKDD)},
	publisher    = {ACM New York, NY, USA},
	volume       = 8,
	number       = 1,
	pages        = {1--29}
}
@article{ahn2010link,
	title        = {Link communities reveal multiscale complexity in networks},
	author       = {Ahn, Yong-Yeol and Bagrow, James P and Lehmann, Sune},
	year         = 2010,
	journal      = {nature},
	publisher    = {Nature Publishing Group},
	volume       = 466,
	number       = 7307,
	pages        = {761--764}
}
@inproceedings{balcan2013finding,
	title        = {Finding endogenously formed communities},
	author       = {Balcan, Maria-Florina and Borgs, Christian and Braverman, Mark and Chayes, Jennifer and Teng, Shang-Hua},
	year         = 2013,
	booktitle    = {Proceedings of the twenty-fourth annual ACM-SIAM symposium on Discrete algorithms},
	pages        = {767--783},
	organization = {SIAM}
}
@article{jin2011markov,
	title        = {A Markov random walk under constraint for discovering overlapping communities in complex networks},
	author       = {Jin, Di and Yang, Bo and Baquero, Carlos and Liu, Dayou and He, Dongxiao and Liu, Jie},
	year         = 2011,
	journal      = {Journal of Statistical Mechanics: Theory and Experiment},
	publisher    = {IOP Publishing},
	volume       = 2011,
	number       = 5,
	pages        = {P05031}
}
@inproceedings{kloster2014heat,
	title        = {Heat kernel based community detection},
	author       = {Kloster, Kyle and Gleich, David F},
	year         = 2014,
	booktitle    = {Proceedings of the 20th ACM SIGKDD international conference on Knowledge discovery and data mining},
	pages        = {1386--1395}
}
@inproceedings{kloumann2014community,
	title        = {Community membership identification from small seed sets},
	author       = {Kloumann, Isabel M and Kleinberg, Jon M},
	year         = 2014,
	booktitle    = {Proceedings of the 20th ACM SIGKDD international conference on Knowledge discovery and data mining},
	pages        = {1366--1375}
}
@inproceedings{whang2013overlapping,
	title        = {Overlapping community detection using seed set expansion},
	author       = {Whang, Joyce Jiyoung and Gleich, David F and Dhillon, Inderjit S},
	year         = 2013,
	booktitle    = {Proceedings of the 22nd ACM international conference on Information \& Knowledge Management},
	pages        = {2099--2108}
}
@article{zlatic2010topologically,
	title        = {Topologically biased random walk and community finding in networks},
	author       = {Zlati{\'c}, Vinko and Gabrielli, Andrea and Caldarelli, Guido},
	year         = 2010,
	journal      = {Physical Review E},
	publisher    = {APS},
	volume       = 82,
	number       = 6,
	pages        = 66109
}
@inproceedings{mercado2019spectral,
	title={Spectral Clustering of Signed Graphs via Matrix Power Means},
	author={Mercado, Pedro and Tudisco, Francesco and Hein, Matthias},
	booktitle={International Conference on Machine Learning},
	pages={4526--4536},
	year={2019}
}

@inproceedings{zhang2018understanding,
	title={Understanding regularized spectral clustering via graph conductance},
	author={Zhang, Yilin and Rohe, Karl},
	booktitle={Advances in Neural Information Processing Systems},
	pages={10631--10640},
	year={2018}
}
@inproceedings{wu2018scalable,
	title={Scalable spectral clustering using random binning features},
	author={Wu, Lingfei and Chen, Pin-Yu and Yen, Ian En-Hsu and Xu, Fangli and Xia, Yinglong and Aggarwal, Charu},
	booktitle={Proceedings of the 24th ACM SIGKDD International Conference on Knowledge Discovery \& Data Mining},
	pages={2506--2515},
	year={2018}
}
@inproceedings{li2019spectral,
	title={Spectral Clustering in Heterogeneous Information Networks},
	author={Li, Xiang and Kao, Ben and Ren, Zhaochun and Yin, Dawei},
	booktitle={Proceedings of the AAAI Conference on Artificial Intelligence},
	volume={33},
	pages={4221--4228},
	year={2019}
}
@article{liu2014multiobjective,
	title        = {A multiobjective evolutionary algorithm based on similarity for community detection from signed social networks},
	author       = {Liu, Chenlong and Liu, Jing and Jiang, Zhongzhou},
	year         = 2014,
	journal      = {IEEE transactions on cybernetics},
	publisher    = {IEEE},
	volume       = 44,
	number       = 12,
	pages        = {2274--2287}
}
@article{gong2013complex,
	title        = {Complex network clustering by multiobjective discrete particle swarm optimization based on decomposition},
	author       = {Gong, Maoguo and Cai, Qing and Chen, Xiaowei and Ma, Lijia},
	year         = 2013,
	journal      = {IEEE Transactions on Evolutionary Computation},
	publisher    = {IEEE},
	volume       = 18,
	number       = 1,
	pages        = {82--97}
}
@article{costantini2014generalization,
	title        = {Generalization of clustering coefficients to signed correlation networks},
	author       = {Costantini, Giulio and Perugini, Marco},
	year         = 2014,
	journal      = {PloS one},
	publisher    = {Public Library of Science},
	volume       = 9,
	number       = 2
}
@article{hric2014community,
	title        = {Community detection in networks: Structural communities versus ground truth},
	author       = {Hric, Darko and Darst, Richard K and Fortunato, Santo},
	year         = 2014,
	journal      = {Physical Review E},
	publisher    = {APS},
	volume       = 90,
	number       = 6,
	pages        = 62805
}
@article{lancichinetti2011limits,
	title        = {Limits of modularity maximization in community detection},
	author       = {Lancichinetti, Andrea and Fortunato, Santo},
	year         = 2011,
	journal      = {Physical review E},
	publisher    = {APS},
	volume       = 84,
	number       = 6,
	pages        = 66122
}
@article{sun2013maximizing,
	title        = {Maximizing modularity intensity for community partition and evolution},
	author       = {Sun, Peng Gang and Gao, Lin and Yang, Yang},
	year         = 2013,
	journal      = {Information Sciences},
	publisher    = {Elsevier},
	volume       = 236,
	pages        = {83--92}
}
@article{vsubelj2012ubiquitousness,
	title        = {Ubiquitousness of link-density and link-pattern communities in real-world networks},
	author       = {{\v{S}}ubelj, Lovro and Bajec, Marko},
	year         = 2012,
	journal      = {The European Physical Journal B},
	publisher    = {Springer},
	volume       = 85,
	number       = 1,
	pages        = 32
}
@article{huang2011towards,
	title        = {Towards online multiresolution community detection in large-scale networks},
	author       = {Huang, Jianbin and Sun, Heli and Liu, Yaguang and Song, Qinbao and Weninger, Tim},
	year         = 2011,
	journal      = {PloS one},
	publisher    = {Public Library of Science},
	volume       = 6,
	number       = 8
}
@article{gong2014novel,
	title        = {Novel heuristic density-based method for community detection in networks},
	author       = {Gong, Maoguo and Liu, Jie and Ma, Lijia and Cai, Qing and Jiao, Licheng},
	year         = 2014,
	journal      = {Physica A: Statistical Mechanics and its Applications},
	publisher    = {Elsevier},
	volume       = 403,
	pages        = {71--84}
}
@article{huang2012revealing,
	title        = {Revealing density-based clustering structure from the core-connected tree of a network},
	author       = {Huang, Jianbin and Sun, Heli and Song, Qinbao and Deng, Hongbo and Han, Jiawei},
	year         = 2012,
	journal      = {IEEE Transactions on Knowledge and Data Engineering},
	publisher    = {IEEE},
	volume       = 25,
	number       = 8,
	pages        = {1876--1889}
}
@article{huang2011density,
	title        = {Density-based shrinkage for revealing hierarchical and overlapping community structure in networks},
	author       = {Huang, Jianbin and Sun, Heli and Han, Jiawei and Feng, Boqin},
	year         = 2011,
	journal      = {Physica A: Statistical Mechanics and its Applications},
	publisher    = {Elsevier},
	volume       = 390,
	number       = 11,
	pages        = {2160--2171}
}
@article{jin2013community,
	title        = {Community detection in complex networks by density-based clustering},
	author       = {Jin, Hong and Wang, Shuliang and Li, Chenyang},
	year         = 2013,
	journal      = {Physica A: Statistical Mechanics and its Applications},
	publisher    = {Elsevier},
	volume       = 392,
	number       = 19,
	pages        = {4606--4618}
}
@inproceedings{jia2019communitygan,
	title={Communitygan: Community detection with generative adversarial nets},
	author={Jia, Yuting and Zhang, Qinqin and Zhang, Weinan and Wang, Xinbing},
	booktitle={The World Wide Web Conference},
	pages={784--794},
	year={2019}
}
@inproceedings{pei2015nonnegative,
	title        = {Nonnegative matrix tri-factorization with graph regularization for community detection in social networks},
	author       = {Pei, Yulong and Chakraborty, Nilanjan and Sycara, Katia},
	year         = 2015,
	booktitle    = {Twenty-Fourth International Joint Conference on Artificial Intelligence}
}
@article{chen2017supervised,
	title        = {Supervised community detection with line graph neural networks},
	author       = {Chen, Zhengdao and Li, Xiang and Bruna, Joan},
	year         = 2017,
	journal      = {arXiv preprint arXiv:1705.08415}
}
@inproceedings{he2017joint,
	title        = {Joint identification of network communities and semantics via integrative modeling of network topologies and node contents},
	author       = {He, Dongxiao and Feng, Zhiyong and Jin, Di and Wang, Xiaobao and Zhang, Weixiong},
	year         = 2017,
	booktitle    = {Thirty-First AAAI Conference on Artificial Intelligence}
}
@inproceedings{he2018network,
	title        = {A network-specific Markov random field approach to community detection},
	author       = {He, Dongxiao and You, Xinxin and Feng, Zhiyong and Jin, Di and Yang, Xue and Zhang, Weixiong},
	year         = 2018,
	booktitle    = {Thirty-Second AAAI Conference on Artificial Intelligence}
}
@article{jia2015defining,
	title        = {Defining and identifying cograph communities in complex networks},
	author       = {Jia, Songwei and Gao, Lin and Gao, Yong and Nastos, James and Wang, Yijie and Zhang, Xindong and Wang, Haiyang},
	year         = 2015,
	journal      = {New Journal of Physics},
	publisher    = {IOP Publishing},
	volume       = 17,
	number       = 1,
	pages        = 13044
}
@inproceedings{wang2018unified,
	title        = {A Unified Weakly Supervised Framework for Community Detection and Semantic Matching},
	author       = {Wang, Wenjun and Liu, Xiao and Jiao, Pengfei and Chen, Xue and Jin, Di},
	year         = 2018,
	booktitle    = {Pacific-Asia Conference on Knowledge Discovery and Data Mining},
	pages        = {218--230},
	organization = {Springer}
}
@inproceedings{wang2016semantic,
	title        = {Semantic community identification in large attribute networks},
	author       = {Wang, Xiao and Jin, Di and Cao, Xiaochun and Yang, Liang and Zhang, Weixiong},
	year         = 2016,
	booktitle    = {Thirtieth AAAI Conference on Artificial Intelligence}
}
@inproceedings{nie2016constrained,
	title        = {The constrained laplacian rank algorithm for graph-based clustering},
	author       = {Nie, Feiping and Wang, Xiaoqian and Jordan, Michael I and Huang, Heng},
	year         = 2016,
	booktitle    = {Thirtieth AAAI Conference on Artificial Intelligence}
}

@inproceedings{cheng2013flexible,
	title        = {Flexible and robust co-regularized multi-domain graph clustering},
	author       = {Cheng, Wei and Zhang, Xiang and Guo, Zhishan and Wu, Yubao and Sullivan, Patrick F and Wang, Wei},
	year         = 2013,
	booktitle    = {Proceedings of the 19th ACM SIGKDD international conference on Knowledge discovery and data mining},
	pages        = {320--328}
}
@inproceedings{ni2016self,
	title        = {Self-grouping multi-network clustering},
	author       = {Ni, Jingchao and Cheng, Wei and Fan, Wei and Zhang, Xiang},
	year         = 2016,
	booktitle    = {2016 IEEE 16th International Conference on Data Mining (ICDM)},
	pages        = {1119--1124},
	organization = {IEEE}
}
@inproceedings{liu2015robust,
	title        = {Robust multi-network clustering via joint cross-domain cluster alignment},
	author       = {Liu, Rui and Cheng, Wei and Tong, Hanghang and Wang, Wei and Zhang, Xiang},
	year         = 2015,
	booktitle    = {2015 IEEE International Conference on Data Mining},
	pages        = {291--300},
	organization = {IEEE}
}
@inproceedings{philip2015mcd,
	title        = {MCD: mutual clustering across multiple social networks},
	author       = {Philip, S Yu and Zhang, Jiawei},
	year         = 2015,
	booktitle    = {2015 IEEE International Congress on Big Data},
	pages        = {762--771},
	organization = {IEEE}
}
@inproceedings{hu2016co,
	title        = {Co-clustering enterprise social networks},
	author       = {Hu, Ruiqi and Pan, Shirui and Long, Guodong and Zhu, Xingquan and Jiang, Jing and Zhang, Chengqi},
	year         = 2016,
	booktitle    = {2016 International Joint Conference on Neural Networks (IJCNN)},
	pages        = {107--114},
	organization = {IEEE}
}
@inproceedings{leskovec2012learning,
	title        = {Learning to discover social circles in ego networks},
	author       = {Leskovec, Jure and Mcauley, Julian J},
	year         = 2012,
	booktitle    = {Advances in neural information processing systems},
	pages        = {539--547}
}
@inproceedings{sun2019vgraph,
	title={vGraph: A Generative Model for Joint Community Detection and Node Representation Learning},
	author={Sun, Fan-Yun and Qu, Meng and Hoffmann, Jordan and Huang, Chin-Wei and Tang, Jian},
	booktitle={Advances in Neural Information Processing Systems},
	pages={512--522},
	year={2019}
}
@article{qin2018adaptive,
	title={Adaptive community detection incorporating topology and content in social networks✰},
	author={Qin, Meng and Jin, Di and Lei, Kai and Gabrys, Bogdan and Musial-Gabrys, Katarzyna},
	journal={Knowledge-Based Systems},
	volume={161},
	pages={342--356},
	year={2018},
	publisher={Elsevier}
}
@inproceedings{bojchevski2018bayesian,
	title={Bayesian robust attributed graph clustering: Joint learning of partial anomalies and group structure},
	author={Bojchevski, Aleksandar and G{\"u}nnemann, Stephan},
	booktitle={Thirty-Second AAAI Conference on Artificial Intelligence},
	year={2018}
}
@inproceedings{yang2018poisson,
	title={A poisson gamma probabilistic model for latent node-group memberships in dynamic networks},
	author={Yang, Sikun and Koeppl, Heinz},
	booktitle={Thirty-Second AAAI Conference on Artificial Intelligence},
	year={2018}
}
@article{wang2011community,
	title        = {Community discovery using nonnegative matrix factorization},
	author       = {Wang, Fei and Li, Tao and Wang, Xin and Zhu, Shenghuo and Ding, Chris},
	year         = 2011,
	journal      = {Data Mining and Knowledge Discovery},
	publisher    = {Springer},
	volume       = 22,
	number       = 3,
	pages        = {493--521}
}
@inproceedings{yang2012clustering,
	title        = {Clustering by nonnegative matrix factorization using graph random walk},
	author       = {Yang, Zhirong and Hao, Tele and Dikmen, Onur and Chen, Xi and Oja, Erkki},
	year         = 2012,
	booktitle    = {Advances in Neural Information Processing Systems},
	pages        = {1079--1087}
}
@article{abbe2015exact,
	title        = {Exact recovery in the stochastic block model},
	author       = {Abbe, Emmanuel and Bandeira, Afonso S and Hall, Georgina},
	year         = 2015,
	journal      = {IEEE Transactions on Information Theory},
	publisher    = {IEEE},
	volume       = 62,
	number       = 1,
	pages        = {471--487}
}
@inproceedings{yang2012community,
	title        = {Community-affiliation graph model for overlapping network community detection},
	author       = {Yang, Jaewon and Leskovec, Jure},
	year         = 2012,
	booktitle    = {2012 IEEE 12th international conference on data mining},
	pages        = {1170--1175},
	organization = {IEEE}
}
@inproceedings{abbe2015community,
	title        = {Community detection in general stochastic block models: Fundamental limits and efficient algorithms for recovery},
	author       = {Abbe, Emmanuel and Sandon, Colin},
	year         = 2015,
	booktitle    = {2015 IEEE 56th Annual Symposium on Foundations of Computer Science},
	pages        = {670--688},
	organization = {IEEE}
}
@inproceedings{abbe2015recovering,
	title        = {Recovering communities in the general stochastic block model without knowing the parameters},
	author       = {Abbe, Emmanuel and Sandon, Colin},
	year         = 2015,
	booktitle    = {Advances in neural information processing systems},
	pages        = {676--684}
}
@article{abbe2015detection,
	title        = {Detection in the stochastic block model with multiple clusters: proof of the achievability conjectures, acyclic BP, and the information-computation gap},
	author       = {Abbe, Emmanuel and Sandon, Colin},
	year         = 2015,
	journal      = {arXiv preprint arXiv:1512.09080}
}
@inproceedings{angelini2015spectral,
	title        = {Spectral detection on sparse hypergraphs},
	author       = {Angelini, Maria Chiara and Caltagirone, Francesco and Krzakala, Florent and Zdeborov{\'a}, Lenka},
	year         = 2015,
	booktitle    = {2015 53rd Annual Allerton Conference on Communication, Control, and Computing (Allerton)},
	pages        = {66--73},
	organization = {IEEE}
}
@inproceedings{banks2016information,
	title        = {Information-theoretic thresholds for community detection in sparse networks},
	author       = {Banks, Jess and Moore, Cristopher and Neeman, Joe and Netrapalli, Praneeth},
	year         = 2016,
	booktitle    = {Conference on Learning Theory},
	pages        = {383--416}
}
@inproceedings{chin2015stochastic,
	title        = {Stochastic block model and community detection in sparse graphs: A spectral algorithm with optimal rate of recovery},
	author       = {Chin, Peter and Rao, Anup and Vu, Van},
	year         = 2015,
	booktitle    = {Conference on Learning Theory},
	pages        = {391--423}
}
@article{coja2010graph,
	title        = {Graph partitioning via adaptive spectral techniques},
	author       = {Coja-Oghlan, Amin},
	year         = 2010,
	journal      = {Combinatorics, Probability and Computing},
	publisher    = {Cambridge University Press},
	volume       = 19,
	number       = 2,
	pages        = {227--284}
}
@article{ghasemian2016detectability,
	title        = {Detectability thresholds and optimal algorithms for community structure in dynamic networks},
	author       = {Ghasemian, Amir and Zhang, Pan and Clauset, Aaron and Moore, Cristopher and Peel, Leto},
	year         = 2016,
	journal      = {Physical Review X},
	publisher    = {APS},
	volume       = 6,
	number       = 3,
	pages        = 31005
}
@article{gopalan2013efficient,
	title        = {Efficient discovery of overlapping communities in massive networks},
	author       = {Gopalan, Prem K and Blei, David M},
	year         = 2013,
	journal      = {Proceedings of the National Academy of Sciences},
	publisher    = {National Acad Sciences},
	volume       = 110,
	number       = 36,
	pages        = {14534--14539}
}
@article{guedon2016community,
	title        = {Community detection in sparse networks via Grothendieck’s inequality},
	author       = {Gu{\'e}don, Olivier and Vershynin, Roman},
	year         = 2016,
	journal      = {Probability Theory and Related Fields},
	publisher    = {Springer},
	volume       = 165,
	number       = {3-4},
	pages        = {1025--1049}
}
@article{heimlicher2012community,
	title        = {Community detection in the labelled stochastic block model},
	author       = {Heimlicher, Simon and Lelarge, Marc and Massouli{\'e}, Laurent},
	year         = 2012,
	journal      = {arXiv preprint arXiv:1209.2910}
}
@article{jin2015fast,
	title        = {Fast community detection by SCORE},
	author       = {Jin, Jiashun and others},
	year         = 2015,
	journal      = {The Annals of Statistics},
	publisher    = {Institute of Mathematical Statistics},
	volume       = 43,
	number       = 1,
	pages        = {57--89}
}
@article{kawamoto2015limitations,
	title        = {Limitations in the spectral method for graph partitioning: Detectability threshold and localization of eigenvectors},
	author       = {Kawamoto, Tatsuro and Kabashima, Yoshiyuki},
	year         = 2015,
	journal      = {Physical Review E},
	publisher    = {APS},
	volume       = 91,
	number       = 6,
	pages        = 62803
}
@inproceedings{moitra2016robust,
	title        = {How robust are reconstruction thresholds for community detection?},
	author       = {Moitra, Ankur and Perry, William and Wein, Alexander S},
	year         = 2016,
	booktitle    = {Proceedings of the forty-eighth annual ACM symposium on Theory of Computing},
	pages        = {828--841}
}
@article{newman2015generalized,
	title        = {Generalized communities in networks},
	author       = {Newman, Mark EJ and Peixoto, Tiago P},
	year         = 2015,
	journal      = {Physical review letters},
	publisher    = {APS},
	volume       = 115,
	number       = 8,
	pages        = 88701
}
@article{yun2014accurate,
	title        = {Accurate community detection in the stochastic block model via spectral algorithms},
	author       = {Yun, Se-Young and Proutiere, Alexandre},
	year         = 2014,
	journal      = {arXiv preprint arXiv:1412.7335}
}
@inproceedings{yun2016optimal,
	title        = {Optimal cluster recovery in the labeled stochastic block model},
	author       = {Yun, Se-Young and Proutiere, Alexandre},
	year         = 2016,
	booktitle    = {Advances in Neural Information Processing Systems},
	pages        = {965--973}
}
@inproceedings{yun2014community,
	title        = {Community detection via random and adaptive sampling},
	author       = {Yun, Se-Young and Proutiere, Alexandre},
	year         = 2014,
	booktitle    = {Conference on learning theory},
	pages        = {138--175}
}
@article{zhang2014phase,
	title        = {Phase transitions in semisupervised clustering of sparse networks},
	author       = {Zhang, Pan and Moore, Cristopher and Zdeborov{\'a}, Lenka},
	year         = 2014,
	journal      = {Physical Review E},
	publisher    = {APS},
	volume       = 90,
	number       = 5,
	pages        = 52802
}
@article{zhang2016community,
	title        = {Community detection in networks with unequal groups},
	author       = {Zhang, Pan and Moore, Cristopher and Newman, MEJ},
	year         = 2016,
	journal      = {Physical review E},
	publisher    = {APS},
	volume       = 93,
	number       = 1,
	pages        = 12303
}
@inproceedings{qin2013regularized,
	title        = {Regularized spectral clustering under the degree-corrected stochastic blockmodel},
	author       = {Qin, Tai and Rohe, Karl},
	year         = 2013,
	booktitle    = {Advances in Neural Information Processing Systems},
	pages        = {3120--3128}
}
@inproceedings{jin2016detect,
	title        = {Detect overlapping communities via ranking node popularities},
	author       = {Jin, Di and Wang, Hongcui and Dang, Jianwu and He, Dongxiao and Zhang, Weixiong},
	year         = 2016,
	booktitle    = {Thirtieth AAAI Conference on Artificial Intelligence}
}
@article{salnikov2016using,
	title        = {Using higher-order Markov models to reveal flow-based communities in networks},
	author       = {Salnikov, Vsevolod and Schaub, Michael T and Lambiotte, Renaud},
	year         = 2016,
	journal      = {Scientific reports},
	publisher    = {Nature Publishing Group},
	volume       = 6,
	pages        = 23194
}
@article{mossel2015reconstruction,
	title        = {Reconstruction and estimation in the planted partition model},
	author       = {Mossel, Elchanan and Neeman, Joe and Sly, Allan},
	year         = 2015,
	journal      = {Probability Theory and Related Fields},
	publisher    = {Springer},
	volume       = 162,
	number       = {3-4},
	pages        = {431--461}
}
@article{decelle2011inference,
	title        = {Inference and phase transitions in the detection of modules in sparse networks},
	author       = {Decelle, Aurelien and Krzakala, Florent and Moore, Cristopher and Zdeborov{\'a}, Lenka},
	year         = 2011,
	journal      = {Physical Review Letters},
	publisher    = {APS},
	volume       = 107,
	number       = 6,
	pages        = 65701
}
@article{come2015model,
	title        = {Model selection and clustering in stochastic block models based on the exact integrated complete data likelihood},
	author       = {C{\^o}me, Etienne and Latouche, Pierre},
	year         = 2015,
	journal      = {Statistical Modelling},
	publisher    = {SAGE Publications Sage India: New Delhi, India},
	volume       = 15,
	number       = 6,
	pages        = {564--589}
}
@article{peixoto2015model,
	title        = {Model selection and hypothesis testing for large-scale network models with overlapping groups},
	author       = {Peixoto, Tiago P},
	year         = 2015,
	journal      = {Physical Review X},
	publisher    = {APS},
	volume       = 5,
	number       = 1,
	pages        = 11033
}
@article{latouche2012variational,
	title        = {Variational Bayesian inference and complexity control for stochastic block models},
	author       = {Latouche, Pierre and Birmele, Etienne and Ambroise, Christophe},
	year         = 2012,
	journal      = {Statistical Modelling},
	publisher    = {Sage Publications Sage India: New Delhi, India},
	volume       = 12,
	number       = 1,
	pages        = {93--115}
}
@inproceedings{abrahao2012separability,
	title        = {On the separability of structural classes of communities},
	author       = {Abrahao, Bruno and Soundarajan, Sucheta and Hopcroft, John and Kleinberg, Robert},
	year         = 2012,
	booktitle    = {Proceedings of the 18th ACM SIGKDD international conference on Knowledge discovery and data mining},
	pages        = {624--632}
}
@inproceedings{gleich2012vertex,
	title        = {Vertex neighborhoods, low conductance cuts, and good seeds for local community methods},
	author       = {Gleich, David F and Seshadhri, C},
	year         = 2012,
	booktitle    = {Proceedings of the 18th ACM SIGKDD international conference on Knowledge discovery and data mining},
	pages        = {597--605}
}
@inproceedings{kairam2012life,
	title        = {The life and death of online groups: Predicting group growth and longevity},
	author       = {Kairam, Sanjay Ram and Wang, Dan J and Leskovec, Jure},
	year         = 2012,
	booktitle    = {Proceedings of the fifth ACM international conference on Web search and data mining},
	pages        = {673--682}
}
@inproceedings{lin2012community,
	title        = {Community detection in incomplete information networks},
	author       = {Lin, Wangqun and Kong, Xiangnan and Yu, Philip S and Wu, Quanyuan and Jia, Yan and Li, Chuan},
	year         = 2012,
	booktitle    = {Proceedings of the 21st international conference on World Wide Web},
	pages        = {341--350}
}
@inproceedings{xu2015stochastic,
	title        = {Stochastic block transition models for dynamic networks},
	author       = {Xu, Kevin},
	year         = 2015,
	booktitle    = {Artificial Intelligence and Statistics},
	pages        = {1079--1087}
}
@article{bassett2013robust,
	title        = {Robust detection of dynamic community structure in networks},
	author       = {Bassett, Danielle S and Porter, Mason A and Wymbs, Nicholas F and Grafton, Scott T and Carlson, Jean M and Mucha, Peter J},
	year         = 2013,
	journal      = {Chaos: An Interdisciplinary Journal of Nonlinear Science},
	publisher    = {American Institute of Physics},
	volume       = 23,
	number       = 1,
	pages        = 13142
}
@article{bazzi2016community,
	title        = {Community detection in temporal multilayer networks, with an application to correlation networks},
	author       = {Bazzi, Marya and Porter, Mason A and Williams, Stacy and McDonald, Mark and Fenn, Daniel J and Howison, Sam D},
	year         = 2016,
	journal      = {Multiscale Modeling \& Simulation},
	publisher    = {SIAM},
	volume       = 14,
	number       = 1,
	pages        = {1--41}
}
@article{sarzynska2016null,
	title        = {Null models for community detection in spatially embedded, temporal networks},
	author       = {Sarzynska, Marta and Leicht, Elizabeth A and Chowell, Gerardo and Porter, Mason A},
	year         = 2016,
	journal      = {Journal of Complex Networks},
	publisher    = {Oxford University Press},
	volume       = 4,
	number       = 3,
	pages        = {363--406}
}
@article{gauvin2014detecting,
	title        = {Detecting the community structure and activity patterns of temporal networks: a non-negative tensor factorization approach},
	author       = {Gauvin, Laetitia and Panisson, Andr{\'e} and Cattuto, Ciro},
	year         = 2014,
	journal      = {PloS one},
	publisher    = {Public Library of Science},
	volume       = 9,
	number       = 1
}
@article{xu2014dynamic,
	title        = {Dynamic stochastic blockmodels for time-evolving social networks},
	author       = {Xu, Kevin S and Hero, Alfred O},
	year         = 2014,
	journal      = {IEEE Journal of Selected Topics in Signal Processing},
	publisher    = {IEEE},
	volume       = 8,
	number       = 4,
	pages        = {552--562}
}
@article{peixoto2014efficient,
	title        = {Efficient Monte Carlo and greedy heuristic for the inference of stochastic block models},
	author       = {Peixoto, Tiago P},
	year         = 2014,
	journal      = {Physical Review E},
	publisher    = {APS},
	volume       = 89,
	number       = 1,
	pages        = 12804
}
@article{peixoto2017nonparametric,
	title        = {Nonparametric Bayesian inference of the microcanonical stochastic block model},
	author       = {Peixoto, Tiago P},
	year         = 2017,
	journal      = {Physical Review E},
	publisher    = {APS},
	volume       = 95,
	number       = 1,
	pages        = 12317
}
@article{benson2016higher,
	title        = {Higher-order organization of complex networks},
	author       = {Benson, Austin R and Gleich, David F and Leskovec, Jure},
	year         = 2016,
	journal      = {Science},
	publisher    = {American Association for the Advancement of Science},
	volume       = 353,
	number       = 6295,
	pages        = {163--166}
}
@inproceedings{zhu2013local,
	title        = {A Local Algorithm for Finding Well-Connected Clusters.},
	author       = {Zhu, Zeyuan Allen and Lattanzi, Silvio and Mirrokni, Vahab S},
	year         = 2013,
	booktitle    = {ICML (3)},
	pages        = {396--404}
}
@inproceedings{tsourakakis2017scalable,
	title        = {Scalable motif-aware graph clustering},
	author       = {Tsourakakis, Charalampos E and Pachocki, Jakub and Mitzenmacher, Michael},
	year         = 2017,
	booktitle    = {Proceedings of the 26th International Conference on World Wide Web},
	pages        = {1451--1460}
}
@article{yin2018higher,
	title        = {Higher-order clustering in networks},
	author       = {Yin, Hao and Benson, Austin R and Leskovec, Jure},
	year         = 2018,
	journal      = {Physical Review E},
	publisher    = {APS},
	volume       = 97,
	number       = 5,
	pages        = 52306
}
@inproceedings{sozio2010community,
	title        = {The community-search problem and how to plan a successful cocktail party},
	author       = {Sozio, Mauro and Gionis, Aristides},
	year         = 2010,
	booktitle    = {Proceedings of the 16th ACM SIGKDD international conference on Knowledge discovery and data mining},
	pages        = {939--948}
}
@inproceedings{orecchia2014flow,
	title        = {Flow-based algorithms for local graph clustering},
	author       = {Orecchia, Lorenzo and Zhu, Zeyuan Allen},
	year         = 2014,
	booktitle    = {Proceedings of the twenty-fifth annual ACM-SIAM symposium on Discrete algorithms},
	pages        = {1267--1286},
	organization = {SIAM}
}
@article{mahoney2012local,
	title        = {A local spectral method for graphs: With applications to improving graph partitions and exploring data graphs locally},
	author       = {Mahoney, Michael W and Orecchia, Lorenzo and Vishnoi, Nisheeth K},
	year         = 2012,
	journal      = {Journal of Machine Learning Research},
	volume       = 13,
	number       = {Aug},
	pages        = {2339--2365}
}
@article{klymko2014using,
	title        = {Using triangles to improve community detection in directed networks},
	author       = {Klymko, Christine and Gleich, David and Kolda, Tamara G},
	year         = 2014,
	journal      = {arXiv preprint arXiv:1404.5874}
}
@inproceedings{gargi2011large,
	title        = {Large-scale community detection on youtube for topic discovery and exploration},
	author       = {Gargi, Ullas and Lu, Wenjun and Mirrokni, Vahab and Yoon, Sangho},
	year         = 2011,
	booktitle    = {Fifth International AAAI Conference on Weblogs and Social Media}
}
@inproceedings{leordeanu2012efficient,
	title        = {Efficient hypergraph clustering},
	author       = {Leordeanu, Marius and Sminchisescu, Cristian},
	year         = 2012,
	booktitle    = {Artificial Intelligence and Statistics},
	pages        = {676--684}
}
@inproceedings{li2017motif,
	title        = {Motif clustering and overlapping clustering for social network analysis},
	author       = {Li, Pan and Dau, Hoang and Puleo, Gregory and Milenkovic, Olgica},
	year         = 2017,
	booktitle    = {IEEE INFOCOM 2017-IEEE Conference on Computer Communications},
	pages        = {1--9},
	organization = {IEEE}
}
@inproceedings{kunegis2010spectral,
	title        = {Spectral analysis of signed graphs for clustering, prediction and visualization},
	author       = {Kunegis, J{\'e}r{\^o}me and Schmidt, Stephan and Lommatzsch, Andreas and Lerner, J{\"u}rgen and De Luca, Ernesto W and Albayrak, Sahin},
	year         = 2010,
	booktitle    = {Proceedings of the 2010 SIAM International Conference on Data Mining},
	pages        = {559--570},
	organization = {SIAM}
}
@article{knyazev2017signed,
	title        = {Signed Laplacian for spectral clustering revisited},
	author       = {Knyazev, Andrew V},
	year         = 2017,
	journal      = {arXiv preprint arXiv:1701.01394},
	publisher    = {Jan},
	volume       = 1
}
@inproceedings{ghoshdastidar2014consistency,
	title        = {Consistency of spectral partitioning of uniform hypergraphs under planted partition model},
	author       = {Ghoshdastidar, Debarghya and Dukkipati, Ambedkar},
	year         = 2014,
	booktitle    = {Advances in Neural Information Processing Systems},
	pages        = {397--405}
}
@article{barbieri2015efficient,
	title        = {Efficient and effective community search},
	author       = {Barbieri, Nicola and Bonchi, Francesco and Galimberti, Edoardo and Gullo, Francesco},
	year         = 2015,
	journal      = {Data mining and knowledge discovery},
	publisher    = {Springer},
	volume       = 29,
	number       = 5,
	pages        = {1406--1433}
}
@inproceedings{huang2014querying,
	title        = {Querying k-truss community in large and dynamic graphs},
	author       = {Huang, Xin and Cheng, Hong and Qin, Lu and Tian, Wentao and Yu, Jeffrey Xu},
	year         = 2014,
	booktitle    = {Proceedings of the 2014 ACM SIGMOD international conference on Management of data},
	pages        = {1311--1322}
}
@article{huang2015approximate,
	title        = {Approximate closest community search in networks},
	author       = {Huang, Xin and Lakshmanan, Laks VS and Yu, Jeffrey Xu and Cheng, Hong},
	year         = 2015,
	journal      = {arXiv preprint arXiv:1505.05956}
}
@inproceedings{shao2015community,
	title        = {Community detection based on distance dynamics},
	author       = {Shao, Junming and Han, Zhichao and Yang, Qinli and Zhou, Tao},
	year         = 2015,
	booktitle    = {Proceedings of the 21th ACM SIGKDD International Conference on Knowledge Discovery and Data Mining},
	pages        = {1075--1084}
}
@inproceedings{qin2015locally,
	title        = {Locally densest subgraph discovery},
	author       = {Qin, Lu and Li, Rong-Hua and Chang, Lijun and Zhang, Chengqi},
	year         = 2015,
	booktitle    = {Proceedings of the 21th ACM SIGKDD International Conference on Knowledge Discovery and Data Mining},
	pages        = {965--974}
}
@article{li2015influential,
	title        = {Influential community search in large networks},
	author       = {Li, Rong-Hua and Qin, Lu and Yu, Jeffrey Xu and Mao, Rui},
	year         = 2015,
	journal      = {Proceedings of the VLDB Endowment},
	publisher    = {VLDB Endowment},
	volume       = 8,
	number       = 5,
	pages        = {509--520}
}
@inproceedings{cui2013online,
	title        = {Online search of overlapping communities},
	author       = {Cui, Wanyun and Xiao, Yanghua and Wang, Haixun and Lu, Yiqi and Wang, Wei},
	year         = 2013,
	booktitle    = {Proceedings of the 2013 ACM SIGMOD international conference on Management of data},
	pages        = {277--288}
}
@article{wu2015robust,
	title        = {Robust local community detection: on free rider effect and its elimination},
	author       = {Wu, Yubao and Jin, Ruoming and Li, Jing and Zhang, Xiang},
	year         = 2015,
	journal      = {Proceedings of the VLDB Endowment},
	publisher    = {VLDB Endowment},
	volume       = 8,
	number       = 7,
	pages        = {798--809}
}
@inproceedings{liu2015community,
	title        = {Community detection based on structure and content: A content propagation perspective},
	author       = {Liu, Liyuan and Xu, Linli and Wangy, Zhen and Chen, Enhong},
	year         = 2015,
	booktitle    = {2015 IEEE International Conference on Data Mining},
	pages        = {271--280},
	organization = {IEEE}
}
@article{sun2015framework,
	title        = {A framework of mapping undirected to directed graphs for community detection},
	author       = {Sun, Peng Gang and Gao, Lill},
	year         = 2015,
	journal      = {Information Sciences},
	publisher    = {Elsevier},
	volume       = 298,
	pages        = {330--343}
}
@article{cheng2014active,
	title        = {Active semi-supervised community detection based on must-link and cannot-link constraints},
	author       = {Cheng, Jianjun and Leng, Mingwei and Li, Longjie and Zhou, Hanhai and Chen, Xiaoyun},
	year         = 2014,
	journal      = {PloS one},
	publisher    = {Public Library of Science},
	volume       = 9,
	number       = 10
}
@article{coca2016musical,
	title        = {Musical rhythmic pattern extraction using relevance of communities in networks},
	author       = {Coca, Andr{\'e}s E and Zhao, Liang},
	year         = 2016,
	journal      = {Information Sciences},
	publisher    = {Elsevier},
	volume       = 329,
	pages        = {819--848}
}
@inproceedings{eaton2012spin,
	title        = {A spin-glass model for semi-supervised community detection},
	author       = {Eaton, Eric and Mansbach, Rachael},
	year         = 2012,
	booktitle    = {Twenty-Sixth AAAI Conference on Artificial Intelligence}
}
@article{he2016model,
	title        = {A model framework for the enhancement of community detection in complex networks},
	author       = {He, Dongxiao and Wang, Hongcui and Jin, Di and Liu, Baolin},
	year         = 2016,
	journal      = {Physica A: Statistical Mechanics and its Applications},
	publisher    = {Elsevier},
	volume       = 461,
	pages        = {602--612}
}
@article{khadivi2011network,
	title        = {Network community-detection enhancement by proper weighting},
	author       = {Khadivi, Alireza and Rad, Ali Ajdari and Hasler, Martin},
	year         = 2011,
	journal      = {Physical Review E},
	publisher    = {APS},
	volume       = 83,
	number       = 4,
	pages        = 46104
}
@article{burgess2016link,
	title        = {Link-prediction enhanced consensus clustering for complex networks},
	author       = {Burgess, Matthew and Adar, Eytan and Cafarella, Michael},
	year         = 2016,
	journal      = {PloS one},
	publisher    = {Public Library of Science},
	volume       = 11,
	number       = 5
}
@article{de2013enhancing,
	title        = {Enhancing community detection using a network weighting strategy},
	author       = {De Meo, Pasquale and Ferrara, Emilio and Fiumara, Giacomo and Provetti, Alessandro},
	year         = 2013,
	journal      = {Information Sciences},
	publisher    = {Elsevier},
	volume       = 222,
	pages        = {648--668}
}
@article{lancichinetti2012consensus,
	title        = {Consensus clustering in complex networks},
	author       = {Lancichinetti, Andrea and Fortunato, Santo},
	year         = 2012,
	journal      = {Scientific reports},
	publisher    = {Nature Publishing Group},
	volume       = 2,
	pages        = 336
}
@article{faccin2014community,
	title        = {Community detection in quantum complex networks},
	author       = {Faccin, Mauro and Migda{\l}, Piotr and Johnson, Tomi H and Bergholm, Ville and Biamonte, Jacob D},
	year         = 2014,
	journal      = {Physical Review X},
	publisher    = {APS},
	volume       = 4,
	number       = 4,
	pages        = 41012
}
@article{lai2010enhanced,
	title        = {Enhanced modularity-based community detection by random walk network preprocessing},
	author       = {Lai, Darong and Lu, Hongtao and Nardini, Christine},
	year         = 2010,
	journal      = {Physical Review E},
	publisher    = {APS},
	volume       = 81,
	number       = 6,
	pages        = 66118
}
@article{zhou2019adversarial,
	title        = {Adversarial Enhancement for Community Detection in Complex Networks},
	author       = {Zhou, Jiajun and Chen, Zhi and Du, Min and Chen, Lihong and Yu, Shanqing and Li, Feifei and Chen, Guanrong and Xuan, Qi},
	year         = 2019,
	journal      = {arXiv preprint arXiv:1911.01670}
}
@article{nguyen2014dynamic,
	title        = {Dynamic social community detection and its applications},
	author       = {Nguyen, Nam P and Dinh, Thang N and Shen, Yilin and Thai, My T},
	year         = 2014,
	journal      = {PloS one},
	publisher    = {Public Library of Science},
	volume       = 9,
	number       = 4
}
@article{javed2018community,
	title        = {Community detection in networks: A multidisciplinary review},
	author       = {Javed, Muhammad Aqib and Younis, Muhammad Shahzad and Latif, Siddique and Qadir, Junaid and Baig, Adeel},
	year         = 2018,
	journal      = {Journal of Network and Computer Applications},
	publisher    = {Elsevier},
	volume       = 108,
	pages        = {87--111}
}
@article{traag2019louvain,
	title={From Louvain to Leiden: guaranteeing well-connected communities},
	author={Traag, Vincent A and Waltman, Ludo and van Eck, Nees Jan},
	journal={Scientific reports},
	volume={9},
	number={1},
	pages={1--12},
	year={2019},
	publisher={Nature Publishing Group}
}
@inproceedings{lim2014linkscan,
	title        = {LinkSCAN*: Overlapping community detection using the link-space transformation},
	author       = {Lim, Sungsu and Ryu, Seungwoo and Kwon, Sejeong and Jung, Kyomin and Lee, Jae-Gil},
	year         = 2014,
	booktitle    = {2014 IEEE 30th International Conference on Data Engineering},
	pages        = {292--303},
	organization = {IEEE}
}
@inproceedings{li2019edmot,
	title        = {EdMot: An Edge Enhancement Approach for Motif-aware Community Detection},
	author       = {Li, Pei-Zhen and Huang, Ling and Wang, Chang-Dong and Lai, Jian-Huang},
	year         = 2019,
	booktitle    = {Proceedings of the 25th ACM SIGKDD International Conference on Knowledge Discovery \& Data Mining},
	pages        = {479--487}
}
@inproceedings{bhatt2019knowledge,
	title        = {Knowledge graph enhanced community detection and characterization},
	author       = {Bhatt, Shreyansh and Padhee, Swati and Sheth, Amit and Chen, Keke and Shalin, Valerie and Doran, Derek and Minnery, Brandon},
	year         = 2019,
	booktitle    = {Proceedings of the Twelfth ACM International Conference on Web Search and Data Mining},
	pages        = {51--59}
}
@article{wang2016improved,
	title        = {An improved density peaks-based clustering method for social circle discovery in social networks},
	author       = {Wang, Mengmeng and Zuo, Wanli and Wang, Ying},
	year         = 2016,
	journal      = {Neurocomputing},
	publisher    = {Elsevier},
	volume       = 179,
	pages        = {219--227}
}
@article{li2015measuring,
	title        = {Measuring robustness of community structure in complex networks},
	author       = {Li, Hui-Jia and Wang, Hao and Chen, Luonan},
	year         = 2015,
	journal      = {EPL (Europhysics Letters)},
	publisher    = {IOP Publishing},
	volume       = 108,
	number       = 6,
	pages        = 68009
}
@article{li2015social,
	title        = {Social significance of community structure: Statistical view},
	author       = {Li, Hui-Jia and Daniels, Jasmine J},
	year         = 2015,
	journal      = {Physical Review E},
	publisher    = {APS},
	volume       = 91,
	number       = 1,
	pages        = 12801
}
@article{liu2017semi,
	title        = {Semi-supervised community detection based on non-negative matrix factorization with node popularity},
	author       = {Liu, Xiao and Wang, Wenjun and He, Dongxiao and Jiao, Pengfei and Jin, Di and Cannistraci, Carlo Vittorio},
	year         = 2017,
	journal      = {Information Sciences},
	publisher    = {Elsevier},
	volume       = 381,
	pages        = {304--321}
}
@article{sun2011identification,
	title        = {Identification of overlapping and non-overlapping community structure by fuzzy clustering in complex networks},
	author       = {Sun, Peng Gang and Gao, Lin and Han, Shan Shan},
	year         = 2011,
	journal      = {Information Sciences},
	publisher    = {Elsevier},
	volume       = 181,
	number       = 6,
	pages        = {1060--1071}
}
@article{whang2016overlapping,
	title        = {Overlapping community detection using neighborhood-inflated seed expansion},
	author       = {Whang, Joyce Jiyoung and Gleich, David F and Dhillon, Inderjit S},
	year         = 2016,
	journal      = {IEEE Transactions on Knowledge and Data Engineering},
	publisher    = {IEEE},
	volume       = 28,
	number       = 5,
	pages        = {1272--1284}
}
@article{zhang2015multiway,
	title        = {Multiway spectral community detection in networks},
	author       = {Zhang, Xiao and Newman, Mark EJ},
	year         = 2015,
	journal      = {Physical Review E},
	publisher    = {APS},
	volume       = 92,
	number       = 5,
	pages        = 52808
}
@article{mahmood2015subspace,
	title        = {Subspace based network community detection using sparse linear coding},
	author       = {Mahmood, Arif and Small, Michael},
	year         = 2015,
	journal      = {IEEE Transactions on Knowledge and Data Engineering},
	publisher    = {IEEE},
	volume       = 28,
	number       = 3,
	pages        = {801--812}
}
@article{bocker2011even,
	title        = {Even faster parameterized cluster deletion and cluster editing},
	author       = {B{\"o}cker, Sebastian and Damaschke, Peter},
	year         = 2011,
	journal      = {Information Processing Letters},
	publisher    = {Elsevier},
	volume       = 111,
	number       = 14,
	pages        = {717--721}
}
@article{yang2016comparative,
	title        = {A comparative analysis of community detection algorithms on artificial networks},
	author       = {Yang, Zhao and Algesheimer, Ren{\'e} and Tessone, Claudio J},
	year         = 2016,
	journal      = {Scientific reports},
	publisher    = {Nature Publishing Group},
	volume       = 6,
	pages        = 30750
}
@article{yang2014unified,
	title={A unified semi-supervised community detection framework using latent space graph regularization},
	author={Yang, Liang and Cao, Xiaochun and Jin, Di and Wang, Xiao and Meng, Dan},
	journal={IEEE transactions on cybernetics},
	volume={45},
	number={11},
	pages={2585--2598},
	year={2014},
	publisher={IEEE}
}
@article{peel2017ground,
	title        = {The ground truth about metadata and community detection in networks},
	author       = {Peel, Leto and Larremore, Daniel B and Clauset, Aaron},
	year         = 2017,
	journal      = {Science advances},
	publisher    = {American Association for the Advancement of Science},
	volume       = 3,
	number       = 5,
	pages        = {e1602548}
}
@inproceedings{he2016joint,
	title        = {Joint community and structural hole spanner detection via harmonic modularity},
	author       = {He, Lifang and Lu, Chun-Ta and Ma, Jiaqi and Cao, Jianping and Shen, Linlin and Yu, Philip S},
	year         = 2016,
	booktitle    = {Proceedings of the 22nd ACM SIGKDD International Conference on Knowledge Discovery and Data Mining},
	pages        = {875--884}
}
@article{shen2010spectral,
	title        = {Spectral methods for the detection of network community structure: a comparative analysis},
	author       = {Shen, Hua-Wei and Cheng, Xue-Qi},
	year         = 2010,
	journal      = {Journal of Statistical Mechanics: Theory and Experiment},
	publisher    = {IOP Publishing},
	volume       = 2010,
	number       = 10,
	pages        = {P10020}
}
@article{tang2010community,
	title        = {Community detection and mining in social media},
	author       = {Tang, Lei and Liu, Huan},
	year         = 2010,
	journal      = {Synthesis lectures on data mining and knowledge discovery},
	publisher    = {Morgan \& Claypool Publishers},
	volume       = 2,
	number       = 1,
	pages        = {1--137}
}
@inproceedings{sachan2012using,
	title        = {Using content and interactions for discovering communities in social networks},
	author       = {Sachan, Mrinmaya and Contractor, Danish and Faruquie, Tanveer A and Subramaniam, L Venkata},
	year         = 2012,
	booktitle    = {Proceedings of the 21st international conference on World Wide Web},
	pages        = {331--340}
}
@inproceedings{ruan2013efficient,
	title        = {Efficient community detection in large networks using content and links},
	author       = {Ruan, Yiye and Fuhry, David and Parthasarathy, Srinivasan},
	year         = 2013,
	booktitle    = {Proceedings of the 22nd international conference on World Wide Web},
	pages        = {1089--1098}
}
@article{huang2013fast,
	title        = {Fast detection of overlapping communities via online tensor methods on gpus},
	author       = {Huang, Furong and Niranjan, UN and Hakeem, Mohammad Umar and Verma, Prateek and Anandkumar, Animashree},
	year         = 2013,
	journal      = {CoRR, abs/1309.0787},
	publisher    = {Citeseer}
}
@article{rohe2012co,
	title        = {Co-clustering for directed graphs: the Stochastic co-Blockmodel and spectral algorithm Di-Sim},
	author       = {Rohe, Karl and Qin, Tai and Yu, Bin},
	year         = 2012,
	journal      = {arXiv preprint arXiv:1204.2296}
}
@article{de2015identifying,
	title        = {Identifying modular flows on multilayer networks reveals highly overlapping organization in interconnected systems},
	author       = {De Domenico, Manlio and Lancichinetti, Andrea and Arenas, Alex and Rosvall, Martin},
	year         = 2015,
	journal      = {Physical Review X},
	publisher    = {APS},
	volume       = 5,
	number       = 1,
	pages        = 11027
}
@article{cui2014uncovering,
	title        = {Uncovering overlapping community structures by the key bi-community and intimate degree in bipartite networks},
	author       = {Cui, Yaozu and Wang, Xingyuan},
	year         = 2014,
	journal      = {Physica A: Statistical Mechanics and its Applications},
	publisher    = {Elsevier},
	volume       = 407,
	pages        = {7--14}
}
@article{gregory2010finding,
	title        = {Finding overlapping communities in networks by label propagation},
	author       = {Gregory, Steve},
	year         = 2010,
	journal      = {New journal of Physics},
	publisher    = {IOP Publishing},
	volume       = 12,
	number       = 10,
	pages        = 103018
}
@article{eustace2015community,
	title        = {Community detection using local neighborhood in complex networks},
	author       = {Eustace, Justine and Wang, Xingyuan and Cui, Yaozu},
	year         = 2015,
	journal      = {Physica A: Statistical Mechanics and its Applications},
	publisher    = {Elsevier},
	volume       = 436,
	pages        = {665--677}
}
@article{eustace2015overlapping,
	title        = {Overlapping community detection using neighborhood ratio matrix},
	author       = {Eustace, Justine and Wang, Xingyuan and Cui, Yaozu},
	year         = 2015,
	journal      = {Physica A: Statistical Mechanics and its Applications},
	publisher    = {Elsevier},
	volume       = 421,
	pages        = {510--521}
}
@article{wang2013detecting,
	title        = {Detecting communities by the core-vertex and intimate degree in complex networks},
	author       = {Wang, Xingyuan and Li, Junqiu},
	year         = 2013,
	journal      = {Physica A: Statistical Mechanics and its Applications},
	publisher    = {Elsevier},
	volume       = 392,
	number       = 10,
	pages        = {2555--2563}
}
@article{cui2014detecting,
	title        = {Detecting community structure via the maximal sub-graphs and belonging degrees in complex networks},
	author       = {Cui, Yaozu and Wang, Xingyuan and Eustace, Justine},
	year         = 2014,
	journal      = {Physica A: Statistical Mechanics and its Applications},
	publisher    = {Elsevier},
	volume       = 416,
	pages        = {198--207}
}
@article{li2013detecting,
	title        = {Detecting overlapping communities by seed community in weighted complex networks},
	author       = {Li, Junqiu and Wang, Xingyuan and Eustace, Justine},
	year         = 2013,
	journal      = {Physica A: Statistical Mechanics and its Applications},
	publisher    = {Elsevier},
	volume       = 392,
	number       = 23,
	pages        = {6125--6134}
}
@article{ren2014epidemic,
	title        = {Epidemic spreading in time-varying community networks},
	author       = {Ren, Guangming and Wang, Xingyuan},
	year         = 2014,
	journal      = {Chaos: An Interdisciplinary Journal of Nonlinear Science},
	publisher    = {American Institute of Physics},
	volume       = 24,
	number       = 2,
	pages        = 23116
}
@inproceedings{qi2012community,
	title        = {Community detection with edge content in social media networks},
	author       = {Qi, Guo-Jun and Aggarwal, Charu C and Huang, Thomas},
	year         = 2012,
	booktitle    = {2012 IEEE 28th International Conference on Data Engineering},
	pages        = {534--545},
	organization = {IEEE}
}
@article{pizzuti2011multiobjective,
	title        = {A multiobjective genetic algorithm to find communities in complex networks},
	author       = {Pizzuti, Clara},
	year         = 2011,
	journal      = {IEEE Transactions on Evolutionary Computation},
	publisher    = {IEEE},
	volume       = 16,
	number       = 3,
	pages        = {418--430}
}
@article{liu2014network,
	title        = {Network community structure detection for directional neural networks inferred from multichannel multisubject EEG data},
	author       = {Liu, Ying and Moser, Jason and Aviyente, Selin},
	year         = 2014,
	journal      = {IEEE Transactions on Biomedical Engineering},
	publisher    = {IEEE},
	volume       = 61,
	number       = 7,
	pages        = {1919--1930}
}
@article{tremblay2014graph,
	title        = {Graph wavelets for multiscale community mining},
	author       = {Tremblay, Nicolas and Borgnat, Pierre},
	year         = 2014,
	journal      = {IEEE Transactions on Signal Processing},
	publisher    = {IEEE},
	volume       = 62,
	number       = 20,
	pages        = {5227--5239}
}
@article{liu2010detecting,
	title        = {Detecting community structure in complex networks using simulated annealing with k-means algorithms},
	author       = {Liu, Jian and Liu, Tingzhan},
	year         = 2010,
	journal      = {Physica A: Statistical Mechanics and its Applications},
	publisher    = {Elsevier},
	volume       = 389,
	number       = 11,
	pages        = {2300--2309}
}
@article{bo2010spectral,
	title        = {On the spectral characterization and scalable mining of network communities},
	author       = {Bo, Yang and Liu, Jiming and Feng, Jianfeng},
	year         = 2010,
	journal      = {IEEE Transactions on Knowledge and Data Engineering},
	publisher    = {IEEE},
	volume       = 24,
	number       = 2,
	pages        = {326--337}
}
@article{tang2011identifying,
	title        = {Identifying evolving groups in dynamic multimode networks},
	author       = {Tang, Lei and Liu, Huan and Zhang, Jianping},
	year         = 2011,
	journal      = {IEEE Transactions on Knowledge and Data Engineering},
	publisher    = {IEEE},
	volume       = 24,
	number       = 1,
	pages        = {72--85}
}
@article{li2015parameter,
	title        = {A parameter-free community detection method based on centrality and dispersion of nodes in complex networks},
	author       = {Li, Yafang and Jia, Caiyan and Yu, Jian},
	year         = 2015,
	journal      = {Physica A: Statistical Mechanics and its Applications},
	publisher    = {Elsevier},
	volume       = 438,
	pages        = {321--334}
}
@article{sun2014weighting,
	title        = {Weighting links based on edge centrality for community detection},
	author       = {Sun, Peng Gang},
	year         = 2014,
	journal      = {Physica A: Statistical Mechanics and Its Applications},
	publisher    = {Elsevier},
	volume       = 394,
	pages        = {346--357}
}
@article{radicchi2014paradox,
	title        = {A paradox in community detection},
	author       = {Radicchi, Filippo},
	year         = 2014,
	journal      = {EPL (Europhysics Letters)},
	publisher    = {IOP Publishing},
	volume       = 106,
	number       = 3,
	pages        = 38001
}
@article{radicchi2013detectability,
	title        = {Detectability of communities in heterogeneous networks},
	author       = {Radicchi, Filippo},
	year         = 2013,
	journal      = {Physical Review E},
	publisher    = {APS},
	volume       = 88,
	number       = 1,
	pages        = 10801
}

@article{zhang2014scalable,
	title        = {Scalable detection of statistically significant communities and hierarchies, using message passing for modularity},
	author       = {Zhang, Pan and Moore, Cristopher},
	year         = 2014,
	journal      = {Proceedings of the National Academy of Sciences},
	publisher    = {National Acad Sciences},
	volume       = 111,
	number       = 51,
	pages        = {18144--18149}
}
@article{vsubelj2011unfolding,
	title        = {Unfolding communities in large complex networks: Combining defensive and offensive label propagation for core extraction},
	author       = {{\v{S}}ubelj, Lovro and Bajec, Marko},
	year         = 2011,
	journal      = {Physical Review E},
	publisher    = {APS},
	volume       = 83,
	number       = 3,
	pages        = 36103
}
@article{aldecoa2013surprise,
	title        = {Surprise maximization reveals the community structure of complex networks},
	author       = {Aldecoa, Rodrigo and Mar{\'\i}n, Ignacio},
	year         = 2013,
	journal      = {Scientific reports},
	publisher    = {Nature Publishing Group},
	volume       = 3,
	number       = 1,
	pages        = {1--9}
}
@article{li2012potts,
	title        = {Potts model based on a Markov process computation solves the community structure problem effectively},
	author       = {Li, Hui-Jia and Wang, Yong and Wu, Ling-Yun and Zhang, Junhua and Zhang, Xiang-Sun},
	year         = 2012,
	journal      = {Physical Review E},
	publisher    = {APS},
	volume       = 86,
	number       = 1,
	pages        = 16109
}
@inproceedings{he2015detecting,
	title        = {Detecting overlapping communities from local spectral subspaces},
	author       = {He, Kun and Sun, Yiwei and Bindel, David and Hopcroft, John and Li, Yixuan},
	year         = 2015,
	booktitle    = {2015 IEEE International Conference on Data Mining},
	pages        = {769--774},
	organization = {IEEE}
}
@article{huang2015dense,
	title        = {Dense community detection in multi-valued attributed networks},
	author       = {Huang, Xin and Cheng, Hong and Yu, Jeffrey Xu},
	year         = 2015,
	journal      = {Information Sciences},
	publisher    = {Elsevier},
	volume       = 314,
	pages        = {77--99}
}
@article{newman2012communities,
	title        = {Communities, modules and large-scale structure in networks},
	author       = {Newman, Mark EJ},
	year         = 2012,
	journal      = {Nature physics},
	publisher    = {Nature Publishing Group},
	volume       = 8,
	number       = 1,
	pages        = {25--31}
}
@article{he2012discovering,
	title        = {Discovering link communities in complex networks by exploiting link dynamics},
	author       = {He, Dongxiao and Liu, Dayou and Zhang, Weixiong and Jin, Di and Yang, Bo},
	year         = 2012,
	journal      = {Journal of Statistical Mechanics: Theory and Experiment},
	publisher    = {IOP Publishing},
	volume       = 2012,
	number       = 10,
	pages        = {P10015}
}
@inproceedings{berlingerio2011finding,
	title        = {Finding and characterizing communities in multidimensional networks},
	author       = {Berlingerio, Michele and Coscia, Michele and Giannotti, Fosca},
	year         = 2011,
	booktitle    = {2011 International Conference on advances in social networks analysis and mining},
	pages        = {490--494},
	organization = {IEEE}
}
@article{darst2014improving,
	title        = {Improving the performance of algorithms to find communities in networks},
	author       = {Darst, Richard K and Nussinov, Zohar and Fortunato, Santo},
	year         = 2014,
	journal      = {Physical Review E},
	publisher    = {APS},
	volume       = 89,
	number       = 3,
	pages        = 32809
}
@article{ma2010semi,
	title        = {Semi-supervised clustering algorithm for community structure detection in complex networks},
	author       = {Ma, Xiaoke and Gao, Lin and Yong, Xuerong and Fu, Lidong},
	year         = 2010,
	journal      = {Physica A: Statistical Mechanics and its Applications},
	publisher    = {Elsevier},
	volume       = 389,
	number       = 1,
	pages        = {187--197}
}
@article{zhang2013community,
	title        = {Community structure detection in complex networks with partial background information},
	author       = {Zhang, Zhong-Yuan},
	year         = 2013,
	journal      = {EPL (europhysics letters)},
	publisher    = {IOP Publishing},
	volume       = 101,
	number       = 4,
	pages        = 48005
}
@article{zhang2013enhanced,
	title        = {Enhanced community structure detection in complex networks with partial background information},
	author       = {Zhang, Zhong-Yuan and Sun, Kai-Di and Wang, Si-Qi},
	year         = 2013,
	journal      = {Scientific reports},
	publisher    = {Nature Publishing Group},
	volume       = 3,
	pages        = 3241
}
@article{shi2012multi,
	title        = {Multi-objective community detection in complex networks},
	author       = {Shi, Chuan and Yan, Zhenyu and Cai, Yanan and Wu, Bin},
	year         = 2012,
	journal      = {Applied Soft Computing},
	publisher    = {Elsevier},
	volume       = 12,
	number       = 2,
	pages        = {850--859}
}
@article{cruz2014community,
	title        = {Community detection and visualization in social networks: Integrating structural and semantic information},
	author       = {Cruz, Juan David and Bothorel, C{\'e}cile and Poulet, Fran{\c{c}}ois},
	year         = 2014,
	journal      = {ACM Transactions on Intelligent Systems and Technology (TIST)},
	publisher    = {ACM New York, NY, USA},
	volume       = 5,
	number       = 1,
	pages        = {1--26}
}
@inproceedings{han2015probabilistic,
	title        = {Probabilistic community and role model for social networks},
	author       = {Han, Yu and Tang, Jie},
	year         = 2015,
	booktitle    = {Proceedings of the 21th ACM SIGKDD international conference on Knowledge Discovery and Data Mining},
	pages        = {407--416}
}
@inproceedings{xu2012model,
	title        = {A model-based approach to attributed graph clustering},
	author       = {Xu, Zhiqiang and Ke, Yiping and Wang, Yi and Cheng, Hong and Cheng, James},
	year         = 2012,
	booktitle    = {Proceedings of the 2012 ACM SIGMOD international conference on management of data},
	pages        = {505--516}
}
@article{chen2014improved,
	title        = {Improved graph clustering},
	author       = {Chen, Yudong and Sanghavi, Sujay and Xu, Huan},
	year         = 2014,
	journal      = {IEEE Transactions on Information Theory},
	publisher    = {IEEE},
	volume       = 60,
	number       = 10,
	pages        = {6440--6455}
}
@inproceedings{huang2014deep,
	title        = {Deep embedding network for clustering},
	author       = {Huang, Peihao and Huang, Yan and Wang, Wei and Wang, Liang},
	year         = 2014,
	booktitle    = {2014 22nd International conference on pattern recognition},
	pages        = {1532--1537},
	organization = {IEEE}
}
@article{aloise2010column,
	title        = {Column generation algorithms for exact modularity maximization in networks},
	author       = {Aloise, Daniel and Cafieri, Sonia and Caporossi, Gilles and Hansen, Pierre and Perron, Sylvain and Liberti, Leo},
	year         = 2010,
	journal      = {Physical Review E},
	publisher    = {APS},
	volume       = 82,
	number       = 4,
	pages        = 46112
}
@article{aloise2012modularity,
	title        = {Modularity maximization in networks by variable neighborhood search.},
	author       = {Aloise, Daniel and Caporossi, Gilles and Hansen, Pierre and Liberti, Leo and Perron, Sylvain and Ruiz, Manuel},
	year         = 2012,
	journal      = {Graph Partitioning and Graph Clustering},
	volume       = 588,
	pages        = 113
}
@article{cafieri2010loops,
	title        = {Loops and multiple edges in modularity maximization of networks},
	author       = {Cafieri, Sonia and Hansen, Pierre and Liberti, Leo},
	year         = 2010,
	journal      = {Physical Review E},
	publisher    = {APS},
	volume       = 81,
	number       = 4,
	pages        = 46102
}
@article{cafieri2011locally,
	title        = {Locally optimal heuristic for modularity maximization of networks},
	author       = {Cafieri, Sonia and Hansen, Pierre and Liberti, Leo},
	year         = 2011,
	journal      = {Physical Review E},
	publisher    = {APS},
	volume       = 83,
	number       = 5,
	pages        = 56105
}
@article{chakraborty2013constant,
	title        = {Constant communities in complex networks},
	author       = {Chakraborty, Tanmoy and Srinivasan, Sriram and Ganguly, Niloy and Bhowmick, Sanjukta and Mukherjee, Animesh},
	year         = 2013,
	journal      = {Scientific reports},
	publisher    = {Nature Publishing Group},
	volume       = 3,
	number       = 1,
	pages        = {1--9}
}
@article{jiang2012modularity,
	title        = {Modularity functions maximization with nonnegative relaxation facilitates community detection in networks},
	author       = {Jiang, Jonathan Q and McQuay, Lisa J},
	year         = 2012,
	journal      = {Physica A: Statistical Mechanics and its Applications},
	publisher    = {Elsevier},
	volume       = 391,
	number       = 3,
	pages        = {854--865}
}
@article{nepusz2012detecting,
	title        = {Detecting overlapping protein complexes in protein-protein interaction networks},
	author       = {Nepusz, Tam{\'a}s and Yu, Haiyuan and Paccanaro, Alberto},
	year         = 2012,
	journal      = {Nature methods},
	publisher    = {Nature Publishing Group},
	volume       = 9,
	number       = 5,
	pages        = 471
}
@article{rotta2011multilevel,
	title        = {Multilevel local search algorithms for modularity clustering},
	author       = {Rotta, Randolf and Noack, Andreas},
	year         = 2011,
	journal      = {Journal of Experimental Algorithmics (JEA)},
	publisher    = {ACM New York, NY, USA},
	volume       = 16,
	pages        = {2--1}
}
@inproceedings{wang2010community,
	title        = {Community-based greedy algorithm for mining top-k influential nodes in mobile social networks},
	author       = {Wang, Yu and Cong, Gao and Song, Guojie and Xie, Kunqing},
	year         = 2010,
	booktitle    = {Proceedings of the 16th ACM SIGKDD international conference on Knowledge discovery and data mining},
	pages        = {1039--1048}
}
@article{xiang2016local,
	title        = {Local modularity for community detection in complex networks},
	author       = {Xiang, Ju and Hu, Tao and Zhang, Yan and Hu, Ke and Li, Jian-Ming and Xu, Xiao-Ke and Liu, Cui-Cui and Chen, Shi},
	year         = 2016,
	journal      = {Physica A: Statistical Mechanics and its Applications},
	publisher    = {Elsevier},
	volume       = 443,
	pages        = {451--459}
}
@article{havens2013soft,
	title        = {A soft modularity function for detecting fuzzy communities in social networks},
	author       = {Havens, Timothy C and Bezdek, James C and Leckie, Christopher and Ramamohanarao, Kotagiri and Palaniswami, Marimuthu},
	year         = 2013,
	journal      = {IEEE Transactions on Fuzzy Systems},
	publisher    = {IEEE},
	volume       = 21,
	number       = 6,
	pages        = {1170--1175}
}
@article{yang2017finding,
	title        = {Finding overlapping communities using seed set},
	author       = {Yang, Jin-Xuan and Zhang, Xiao-Dong},
	year         = 2017,
	journal      = {Physica A: Statistical Mechanics and its Applications},
	publisher    = {Elsevier},
	volume       = 467,
	pages        = {96--106}
}
@article{shang2012graph,
	title        = {Graph dual regularization non-negative matrix factorization for co-clustering},
	author       = {Shang, Fanhua and Jiao, LC and Wang, Fei},
	year         = 2012,
	journal      = {Pattern Recognition},
	publisher    = {Elsevier},
	volume       = 45,
	number       = 6,
	pages        = {2237--2250}
}
@article{sarkar2015role,
	title        = {Role of normalization in spectral clustering for stochastic blockmodels},
	author       = {Sarkar, Purnamrita and Bickel, Peter J and others},
	year         = 2015,
	journal      = {The Annals of Statistics},
	publisher    = {Institute of Mathematical Statistics},
	volume       = 43,
	number       = 3,
	pages        = {962--990}
}
@article{mossel2012stochastic,
	title        = {Stochastic block models and reconstruction},
	author       = {Mossel, Elchanan and Neeman, Joe and Sly, Allan},
	year         = 2012,
	journal      = {arXiv preprint arXiv:1202.1499}
}
@article{lyzinski2014perfect,
	title        = {Perfect clustering for stochastic blockmodel graphs via adjacency spectral embedding},
	author       = {Lyzinski, Vince and Sussman, Daniel L and Tang, Minh and Athreya, Avanti and Priebe, Carey E and others},
	year         = 2014,
	journal      = {Electronic journal of statistics},
	publisher    = {The Institute of Mathematical Statistics and the Bernoulli Society},
	volume       = 8,
	number       = 2,
	pages        = {2905--2922}
}
@article{li2010genetic,
	title        = {A genetic algorithm with local search strategy for improved detection of community structure},
	author       = {Li, Shuzhuo and Chen, Yinghui and Du, Haifeng and Feldman, Marcus W},
	year         = 2010,
	journal      = {Complexity},
	publisher    = {Wiley Online Library},
	volume       = 15,
	number       = 4,
	pages        = {53--60}
}
@article{mcdaid2013improved,
	title        = {Improved Bayesian inference for the stochastic block model with application to large networks},
	author       = {McDaid, Aaron F and Murphy, Thomas Brendan and Friel, Nial and Hurley, Neil J},
	year         = 2013,
	journal      = {Computational Statistics \& Data Analysis},
	publisher    = {Elsevier},
	volume       = 60,
	pages        = {12--31}
}
@article{pool2014description,
	title        = {Description-driven community detection},
	author       = {Pool, Simon and Bonchi, Francesco and Leeuwen, Matthijs van},
	year         = 2014,
	journal      = {ACM Transactions on Intelligent Systems and Technology (TIST)},
	publisher    = {ACM New York, NY, USA},
	volume       = 5,
	number       = 2,
	pages        = {1--28}
}
@article{nastos2013familial,
	title        = {Familial groups in social networks},
	author       = {Nastos, James and Gao, Yong},
	year         = 2013,
	journal      = {Social Networks},
	publisher    = {Elsevier},
	volume       = 35,
	number       = 3,
	pages        = {439--450}
}
@article{zhang2013normalized,
	title        = {Normalized modularity optimization method for community identification with degree adjustment},
	author       = {Zhang, Shuqin and Zhao, Hongyu},
	year         = 2013,
	journal      = {Physical Review E},
	publisher    = {APS},
	volume       = 88,
	number       = 5,
	pages        = 52802
}
@article{gao2019edge2vec,
	title={edge2vec: Representation learning using edge semantics for biomedical knowledge discovery},
	author={Gao, Zheng and Fu, Gang and Ouyang, Chunping and Tsutsui, Satoshi and Liu, Xiaozhong and Yang, Jeremy and Gessner, Christopher and Foote, Brian and Wild, David and Ding, Ying and others},
	journal={BMC bioinformatics},
	volume={20},
	number={1},
	pages={306},
	year={2019},
	publisher={BioMed Central}
}
@inproceedings{ni2015flexible,
	title        = {Flexible and robust multi-network clustering},
	author       = {Ni, Jingchao and Tong, Hanghang and Fan, Wei and Zhang, Xiang},
	year         = 2015,
	booktitle    = {Proceedings of the 21th ACM SIGKDD International Conference on Knowledge Discovery and Data Mining},
	pages        = {835--844}
}
@inproceedings{zhou2013social,
	title        = {Social influence based clustering of heterogeneous information networks},
	author       = {Zhou, Yang and Liu, Ling},
	year         = 2013,
	booktitle    = {Proceedings of the 19th ACM SIGKDD international conference on Knowledge discovery and data mining},
	pages        = {338--346}
}
@inproceedings{xu2014edge,
	title        = {Edge label inference in generalized stochastic block models: from spectral theory to impossibility results},
	author       = {Xu, Jiaming and Massouli{\'e}, Laurent and Lelarge, Marc},
	year         = 2014,
	booktitle    = {Conference on Learning Theory},
	pages        = {903--920}
}
@article{hajek2016achieving,
	title        = {Achieving exact cluster recovery threshold via semidefinite programming},
	author       = {Hajek, Bruce and Wu, Yihong and Xu, Jiaming},
	year         = 2016,
	journal      = {IEEE Transactions on Information Theory},
	publisher    = {IEEE},
	volume       = 62,
	number       = 5,
	pages        = {2788--2797}
}
@article{amini2018semidefinite,
	title        = {On semidefinite relaxations for the block model},
	author       = {Amini, Arash A and Levina, Elizaveta and others},
	year         = 2018,
	journal      = {The Annals of Statistics},
	publisher    = {Institute of Mathematical Statistics},
	volume       = 46,
	number       = 1,
	pages        = {149--179}
}
@article{chen2014statistical,
	title        = {Statistical-computational tradeoffs in planted problems and submatrix localization with a growing number of clusters and submatrices},
	author       = {Chen, Yudong and Xu, Jiaming},
	year         = 2014,
	journal      = {arXiv preprint arXiv:1402.1267}
}
@inproceedings{mossel2014belief,
	title        = {Belief propagation, robust reconstruction and optimal recovery of block models},
	author       = {Mossel, Elchanan and Neeman, Joe and Sly, Allan},
	year         = 2014,
	booktitle    = {Conference on Learning Theory},
	pages        = {356--370}
}
@article{mossel2018proof,
	title        = {A proof of the block model threshold conjecture},
	author       = {Mossel, Elchanan and Neeman, Joe and Sly, Allan},
	year         = 2018,
	journal      = {Combinatorica},
	publisher    = {Springer},
	volume       = 38,
	number       = 3,
	pages        = {665--708}
}
@article{mossel2014consistency,
	title        = {Consistency thresholds for binary symmetric block models},
	author       = {Mossel, Elchanan and Neeman, Joe and Sly, Allan},
	year         = 2014,
	journal      = {arXiv preprint arXiv:1407.1591},
	publisher    = {Citeseer},
	volume       = 3,
	number       = 5
}
@inproceedings{bordenave2015non,
	title        = {Non-backtracking spectrum of random graphs: community detection and non-regular ramanujan graphs},
	author       = {Bordenave, Charles and Lelarge, Marc and Massouli{\'e}, Laurent},
	year         = 2015,
	booktitle    = {2015 IEEE 56th Annual Symposium on Foundations of Computer Science},
	pages        = {1347--1357},
	organization = {IEEE}
}
@inproceedings{montanari2016semidefinite,
	title        = {Semidefinite programs on sparse random graphs and their application to community detection},
	author       = {Montanari, Andrea and Sen, Subhabrata},
	year         = 2016,
	booktitle    = {Proceedings of the forty-eighth annual ACM symposium on Theory of Computing},
	pages        = {814--827}
}
@incollection{hartmann2016clustering,
	title        = {Clustering evolving networks},
	author       = {Hartmann, Tanja and Kappes, Andrea and Wagner, Dorothea},
	year         = 2016,
	booktitle    = {Algorithm Engineering},
	publisher    = {Springer},
	pages        = {280--329}
}
@article{valles2016multilayer,
	title        = {Multilayer stochastic block models reveal the multilayer structure of complex networks},
	author       = {Valles-Catala, Toni and Massucci, Francesco A and Guimera, Roger and Sales-Pardo, Marta},
	year         = 2016,
	journal      = {Physical Review X},
	publisher    = {APS},
	volume       = 6,
	number       = 1,
	pages        = 11036
}
@inproceedings{ailon2013breaking,
	title        = {Breaking the small cluster barrier of graph clustering},
	author       = {Ailon, Nir and Chen, Yudong and Xu, Huan},
	year         = 2013,
	booktitle    = {International Conference on Machine Learning},
	pages        = {995--1003}
}
@article{schaub2012markov,
	title        = {Markov dynamics as a zooming lens for multiscale community detection: non clique-like communities and the field-of-view limit},
	author       = {Schaub, Michael T and Delvenne, Jean-Charles and Yaliraki, Sophia N and Barahona, Mauricio},
	year         = 2012,
	journal      = {PloS one},
	publisher    = {Public Library of Science},
	volume       = 7,
	number       = 2
}
@incollection{delvenne2013stability,
	title        = {The stability of a graph partition: A dynamics-based framework for community detection},
	author       = {Delvenne, Jean-Charles and Schaub, Michael T and Yaliraki, Sophia N and Barahona, Mauricio},
	year         = 2013,
	booktitle    = {Dynamics On and Of Complex Networks, Volume 2},
	publisher    = {Springer},
	pages        = {221--242}
}
@article{lambiotte2012ranking,
	title        = {Ranking and clustering of nodes in networks with smart teleportation},
	author       = {Lambiotte, Renaud and Rosvall, Martin},
	year         = 2012,
	journal      = {Physical Review E},
	publisher    = {APS},
	volume       = 85,
	number       = 5,
	pages        = 56107
}
@article{delmotte2011protein,
	title        = {Protein multi-scale organization through graph partitioning and robustness analysis: application to the myosin--myosin light chain interaction},
	author       = {Delmotte, Antoine and Tate, Edward W and Yaliraki, Sophia N and Barahona, Mauricio},
	year         = 2011,
	journal      = {Physical biology},
	publisher    = {IOP Publishing},
	volume       = 8,
	number       = 5,
	pages        = 55010
}
@inproceedings{satuluri2011symmetrizations,
	title        = {Symmetrizations for clustering directed graphs},
	author       = {Satuluri, Venu and Parthasarathy, Srinivasan},
	year         = 2011,
	booktitle    = {Proceedings of the 14th International Conference on Extending Database Technology},
	pages        = {343--354}
}
@article{schaub2012encoding,
	title        = {Encoding dynamics for multiscale community detection: Markov time sweeping for the map equation},
	author       = {Schaub, Michael T and Lambiotte, Renaud and Barahona, Mauricio},
	year         = 2012,
	journal      = {Physical Review E},
	publisher    = {APS},
	volume       = 86,
	number       = 2,
	pages        = 26112
}
@article{zhu2014oriented,
	title        = {Oriented and degree-generated block models: generating and inferring communities with inhomogeneous degree distributions},
	author       = {Zhu, Yaojia and Yan, Xiaoran and Moore, Cristopher},
	year         = 2014,
	journal      = {Journal of Complex Networks},
	publisher    = {Oxford University Press},
	volume       = 2,
	number       = 1,
	pages        = {1--18}
}
@inproceedings{ho2011evolving,
	title        = {Evolving cluster mixed-membership blockmodel for time-evolving networks},
	author       = {Ho, Qirong and Song, Le and Xing, Eric},
	year         = 2011,
	booktitle    = {Proceedings of the Fourteenth International Conference on Artificial Intelligence and Statistics},
	pages        = {342--350}
}
@article{traud2011comparing,
	title        = {Comparing community structure to characteristics in online collegiate social networks},
	author       = {Traud, Amanda L and Kelsic, Eric D and Mucha, Peter J and Porter, Mason A},
	year         = 2011,
	journal      = {SIAM review},
	publisher    = {SIAM},
	volume       = 53,
	number       = 3,
	pages        = {526--543}
}
@article{lewis2010function,
	title        = {The function of communities in protein interaction networks at multiple scales},
	author       = {Lewis, Anna CF and Jones, Nick S and Porter, Mason A and Deane, Charlotte M},
	year         = 2010,
	journal      = {BMC systems biology},
	publisher    = {Springer},
	volume       = 4,
	number       = 1,
	pages        = 100
}
@inproceedings{lambiotte2010multi,
	title        = {Multi-scale modularity in complex networks},
	author       = {Lambiotte, Renaud},
	year         = 2010,
	booktitle    = {8th International Symposium on Modeling and Optimization in Mobile, Ad Hoc, and Wireless Networks},
	pages        = {546--553},
	organization = {IEEE}
}
@article{bassett2015extraction,
	title        = {Extraction of force-chain network architecture in granular materials using community detection},
	author       = {Bassett, Danielle S and Owens, Eli T and Porter, Mason A and Manning, M Lisa and Daniels, Karen E},
	year         = 2015,
	journal      = {Soft Matter},
	publisher    = {Royal Society of Chemistry},
	volume       = 11,
	number       = 14,
	pages        = {2731--2744}
}
@article{chen2013detecting,
	title        = {Detecting overlapping temporal community structure in time-evolving networks},
	author       = {Chen, Yudong and Kawadia, Vikas and Urgaonkar, Rahul},
	year         = 2013,
	journal      = {arXiv preprint arXiv:1303.7226}
}
@article{peixoto2012entropy,
	title        = {Entropy of stochastic blockmodel ensembles},
	author       = {Peixoto, Tiago P},
	year         = 2012,
	journal      = {Physical Review E},
	publisher    = {APS},
	volume       = 85,
	number       = 5,
	pages        = 56122
}
@article{lee2014multiway,
	title        = {Multiway spectral partitioning and higher-order cheeger inequalities},
	author       = {Lee, James R and Gharan, Shayan Oveis and Trevisan, Luca},
	year         = 2014,
	journal      = {Journal of the ACM (JACM)},
	publisher    = {ACM New York, NY, USA},
	volume       = 61,
	number       = 6,
	pages        = {1--30}
}
@inproceedings{shao2013robust,
	title        = {Robust synchronization-based graph clustering},
	author       = {Shao, Junming and He, Xiao and Yang, Qinli and Plant, Claudia and B{\"o}hm, Christian},
	year         = 2013,
	booktitle    = {Pacific-Asia conference on knowledge discovery and data mining},
	pages        = {249--260},
	organization = {Springer}
}
@inproceedings{barbieri2013influence,
	title        = {Influence-based network-oblivious community detection},
	author       = {Barbieri, Nicola and Bonchi, Francesco and Manco, Giuseppe},
	year         = 2013,
	booktitle    = {2013 IEEE 13th International Conference on Data Mining},
	pages        = {955--960},
	organization = {IEEE}
}
@article{amiri2013community,
	title        = {Community detection in complex networks: Multi--objective enhanced firefly algorithm},
	author       = {Amiri, Babak and Hossain, Liaquat and Crawford, John W and Wigand, Rolf T},
	year         = 2013,
	journal      = {Knowledge-Based Systems},
	publisher    = {Elsevier},
	volume       = 46,
	pages        = {1--11}
}
@article{bagrow2012communities,
	title        = {Communities and bottlenecks: Trees and treelike networks have high modularity},
	author       = {Bagrow, James P},
	year         = 2012,
	journal      = {Physical Review E},
	publisher    = {APS},
	volume       = 85,
	number       = 6,
	pages        = 66118
}
@article{bu2013fast,
	title        = {A fast parallel modularity optimization algorithm (FPMQA) for community detection in online social network},
	author       = {Bu, Zhan and Zhang, Chengcui and Xia, Zhengyou and Wang, Jiandong},
	year         = 2013,
	journal      = {Knowledge-Based Systems},
	publisher    = {Elsevier},
	volume       = 50,
	pages        = {246--259}
}
@article{chen2014anti,
	title        = {Anti-modularity and anti-community detecting in complex networks},
	author       = {Chen, Ling and Yu, Qiang and Chen, Bolun},
	year         = 2014,
	journal      = {Information Sciences},
	publisher    = {Elsevier},
	volume       = 275,
	pages        = {293--313}
}
@article{li2013revealing,
	title        = {Revealing network communities with a nonlinear programming method},
	author       = {Li, Wenye},
	year         = 2013,
	journal      = {Information Sciences},
	publisher    = {Elsevier},
	volume       = 229,
	pages        = {18--28}
}
@article{li2013efficient,
	title        = {Efficient community detection with additive constrains on large networks},
	author       = {Li, Yakun and Wang, Hongzhi and Li, Jianzhong and Gao, Hong},
	year         = 2013,
	journal      = {Knowledge-Based Systems},
	publisher    = {Elsevier},
	volume       = 52,
	pages        = {268--278}
}
@article{mirkin2012additive,
	title        = {Additive spectral method for fuzzy cluster analysis of similarity data including community structure and affinity matrices},
	author       = {Mirkin, Boris and Nascimento, Susana},
	year         = 2012,
	journal      = {Information Sciences},
	publisher    = {Elsevier},
	volume       = 183,
	number       = 1,
	pages        = {16--34}
}
@article{qi2014optimal,
	title        = {Optimal local community detection in social networks based on density drop of subgraphs},
	author       = {Qi, Xingqin and Tang, Wenliang and Wu, Yezhou and Guo, Guodong and Fuller, Eddie and Zhang, Cun-Quan},
	year         = 2014,
	journal      = {Pattern Recognition Letters},
	publisher    = {Elsevier},
	volume       = 36,
	pages        = {46--53}
}
@article{sun2013methods,
	title        = {Methods to find community based on edge centrality},
	author       = {Sun, Peng Gang and Yang, Yang},
	year         = 2013,
	journal      = {Physica A: Statistical Mechanics and its Applications},
	publisher    = {Elsevier},
	volume       = 392,
	number       = 9,
	pages        = {1977--1988}
}
@article{shi2013link,
	title        = {A link clustering based overlapping community detection algorithm},
	author       = {Shi, Chuan and Cai, Yanan and Fu, Di and Dong, Yuxiao and Wu, Bin},
	year         = 2013,
	journal      = {Data \& Knowledge Engineering},
	publisher    = {Elsevier},
	volume       = 87,
	pages        = {394--404}
}
@article{xiang2012limitation,
	title        = {Limitation of multi-resolution methods in community detection},
	author       = {Xiang, Ju and Hu, Ke},
	year         = 2012,
	journal      = {Physica A: Statistical Mechanics and its Applications},
	publisher    = {Elsevier},
	volume       = 391,
	number       = 20,
	pages        = {4995--5003}
}
@article{yang2014closed,
	title        = {Closed walks for community detection},
	author       = {Yang, Yang and Sun, Peng Gang and Hu, Xia and Li, Zhou Jun},
	year         = 2014,
	journal      = {Physica A: Statistical Mechanics and its Applications},
	publisher    = {Elsevier},
	volume       = 397,
	pages        = {129--143}
}
@article{xiang2012multi,
	title        = {Multi-resolution modularity methods and their limitations in community detection},
	author       = {Xiang, Ju and Hu, Xin-Guang and Zhang, Xiao-Yu and Fan, Jun-Feng and Zeng, Xian-Lin and Fu, Gen-Yi and Deng, Ke and Hu, Ke},
	year         = 2012,
	journal      = {The European Physical Journal B},
	publisher    = {Springer},
	volume       = 85,
	number       = 10,
	pages        = 352
}
@article{hu2010measuring,
	title        = {Measuring the significance of community structure in complex networks},
	author       = {Hu, Yanqing and Nie, Yuchao and Yang, Hua and Cheng, Jie and Fan, Ying and Di, Zengru},
	year         = 2010,
	journal      = {Physical Review E},
	publisher    = {APS},
	volume       = 82,
	number       = 6,
	pages        = 66106
}
@article{aldecoa2013exploring,
	title        = {Exploring the limits of community detection strategies in complex networks},
	author       = {Aldecoa, Rodrigo and Mar{\'\i}n, Ignacio},
	year         = 2013,
	journal      = {Scientific reports},
	publisher    = {Nature Publishing Group},
	volume       = 3,
	number       = 1,
	pages        = {1--11}
}
@article{traag2013significant,
	title        = {Significant scales in community structure},
	author       = {Traag, Vincent A and Krings, Gautier and Van Dooren, Paul},
	year         = 2013,
	journal      = {Scientific reports},
	publisher    = {Nature Publishing Group},
	volume       = 3,
	number       = 1,
	pages        = {1--10}
}
@article{chakraborty2016permanence,
	title={Permanence and community structure in complex networks},
	author={Chakraborty, Tanmoy and Srinivasan, Sriram and Ganguly, Niloy and Mukherjee, Animesh and Bhowmick, Sanjukta},
	journal={ACM Transactions on Knowledge Discovery from Data (TKDD)},
	volume={11},
	number={2},
	pages={1--34},
	year={2016},
	publisher={ACM New York, NY, USA}
}
@inproceedings{prat2014high,
	title        = {High quality, scalable and parallel community detection for large real graphs},
	author       = {Prat-P{\'e}rez, Arnau and Dominguez-Sal, David and Larriba-Pey, Josep-Lluis},
	year         = 2014,
	booktitle    = {Proceedings of the 23rd international conference on World wide web},
	pages        = {225--236}
}
@article{mirshahvalad2012significant,
	title        = {Significant communities in large sparse networks},
	author       = {Mirshahvalad, Atieh and Lindholm, Johan and Derlen, Mattias and Rosvall, Martin},
	year         = 2012,
	journal      = {PloS one},
	publisher    = {Public Library of Science},
	volume       = 7,
	number       = 3
}
@article{aldecoa2012closed,
	title        = {Closed benchmarks for network community structure characterization},
	author       = {Aldecoa, Rodrigo and Mar{\'\i}n, Ignacio},
	year         = 2012,
	journal      = {Physical Review E},
	publisher    = {APS},
	volume       = 85,
	number       = 2,
	pages        = 26109
}
@article{baingana2015joint,
	title        = {Joint community and anomaly tracking in dynamic networks},
	author       = {Baingana, Brian and Giannakis, Georgios B},
	year         = 2015,
	journal      = {IEEE Transactions on Signal Processing},
	publisher    = {IEEE},
	volume       = 64,
	number       = 8,
	pages        = {2013--2025}
}
@article{bedi2016community,
	title        = {Community detection in social networks},
	author       = {Bedi, Punam and Sharma, Chhavi},
	year         = 2016,
	journal      = {Wiley Interdisciplinary Reviews: Data Mining and Knowledge Discovery},
	publisher    = {Wiley Online Library},
	volume       = 6,
	number       = 3,
	pages        = {115--135}
}
@article{botta2017analysis,
	title        = {Analysis of the communities of an urban mobile phone network},
	author       = {Botta, Federico and del Genio, Charo I},
	year         = 2017,
	journal      = {PloS one},
	publisher    = {Public Library of Science},
	volume       = 12,
	number       = 3,
	pages        = {e0174198}
}
@inproceedings{chakraborty2013overcite,
	title        = {OverCite: Finding overlapping communities in citation network},
	author       = {Chakraborty, Tanmoy and Chakraborty, Abhijnan},
	year         = 2013,
	booktitle    = {2013 IEEE/ACM International Conference on Advances in Social Networks Analysis and Mining (ASONAM 2013)},
	pages        = {1124--1131},
	organization = {IEEE}
}
@article{chen2010game,
	title        = {A game-theoretic framework to identify overlapping communities in social networks},
	author       = {Chen, Wei and Liu, Zhenming and Sun, Xiaorui and Wang, Yajun},
	year         = 2010,
	journal      = {Data Mining and Knowledge Discovery},
	publisher    = {Springer},
	volume       = 21,
	number       = 2,
	pages        = {224--240}
}
@article{chen2012community,
	title        = {Community-based anomaly detection in evolutionary networks},
	author       = {Chen, Zhengzhang and Hendrix, William and Samatova, Nagiza F},
	year         = 2012,
	journal      = {Journal of Intelligent Information Systems},
	publisher    = {Springer},
	volume       = 39,
	number       = 1,
	pages        = {59--85}
}
@article{chen2014community,
	title        = {Community detection via maximization of modularity and its variants},
	author       = {Chen, Mingming and Kuzmin, Konstantin and Szymanski, Boleslaw K},
	year         = 2014,
	journal      = {IEEE Transactions on Computational Social Systems},
	publisher    = {IEEE},
	volume       = 1,
	number       = 1,
	pages        = {46--65}
}
@article{gong2011memetic,
	title        = {Memetic algorithm for community detection in networks},
	author       = {Gong, Maoguo and Fu, Bao and Jiao, Licheng and Du, Haifeng},
	year         = 2011,
	journal      = {Physical Review E},
	publisher    = {APS},
	volume       = 84,
	number       = 5,
	pages        = 56101
}
@incollection{kelley2012defining,
	title        = {Defining and discovering communities in social networks},
	author       = {Kelley, Stephen and Goldberg, Mark and Magdon-Ismail, Malik and Mertsalov, Konstantin and Wallace, Al},
	year         = 2012,
	booktitle    = {Handbook of Optimization in Complex Networks},
	publisher    = {Springer},
	pages        = {139--168}
}
@article{kim2015community,
	title        = {Community detection in multi-layer graphs: A survey},
	author       = {Kim, Jungeun and Lee, Jae-Gil},
	year         = 2015,
	journal      = {ACM SIGMOD Record},
	publisher    = {ACM New York, NY, USA},
	volume       = 44,
	number       = 3,
	pages        = {37--48}
}
@article{le2015estimating,
	title        = {Estimating the number of communities in networks by spectral methods},
	author       = {Le, Can M and Levina, Elizaveta},
	year         = 2015,
	journal      = {arXiv preprint arXiv:1507.00827}
}
@article{li2016multi,
	title        = {A multi-agent genetic algorithm for community detection in complex networks},
	author       = {Li, Zhangtao and Liu, Jing},
	year         = 2016,
	journal      = {Physica A: Statistical Mechanics and its Applications},
	publisher    = {Elsevier},
	volume       = 449,
	pages        = {336--347}
}
@inproceedings{li2014extremal,
	title        = {Extremal optimization-based semi-supervised algorithm with conflict pairwise constraints for community detection},
	author       = {Li, Lei and Du, Mei and Liu, Guanfeng and Hu, Xuegang and Wu, Gongqing},
	year         = 2014,
	booktitle    = {2014 IEEE/ACM International Conference on Advances in Social Networks Analysis and Mining (ASONAM 2014)},
	pages        = {180--187},
	organization = {IEEE}
}
@article{lu2014algorithms,
	title        = {Algorithms and applications for community detection in weighted networks},
	author       = {Lu, Zongqing and Sun, Xiao and Wen, Yonggang and Cao, Guohong and La Porta, Thomas},
	year         = 2014,
	journal      = {IEEE Transactions on Parallel and Distributed Systems},
	publisher    = {IEEE},
	volume       = 26,
	number       = 11,
	pages        = {2916--2926}
}
@inproceedings{ozer2016community,
	title        = {Community detection in political Twitter networks using Nonnegative Matrix Factorization methods},
	author       = {Ozer, Mert and Kim, Nyunsu and Davulcu, Hasan},
	year         = 2016,
	booktitle    = {2016 IEEE/ACM International Conference on Advances in Social Networks Analysis and Mining (ASONAM)},
	pages        = {81--88},
	organization = {IEEE}
}
@article{tang2014uncovering,
	title        = {Uncovering community structures with initialized bayesian nonnegative matrix factorization},
	author       = {Tang, Xianchao and Xu, Tao and Feng, Xia and Yang, Guoqing},
	year         = 2014,
	journal      = {PloS one},
	publisher    = {Public Library of Science},
	volume       = 9,
	number       = 9
}
@incollection{yang2010discovering,
	title        = {Discovering communities from social networks: Methodologies and applications},
	author       = {Yang, Bo and Liu, Dayou and Liu, Jiming},
	year         = 2010,
	booktitle    = {Handbook of social network technologies and applications},
	publisher    = {Springer},
	pages        = {331--346}
}
@inproceedings{zhao2015gsparsify,
	title        = {gSparsify: Graph motif based sparsification for graph clustering},
	author       = {Zhao, Peixiang},
	year         = 2015,
	booktitle    = {Proceedings of the 24th ACM International on Conference on Information and Knowledge Management},
	pages        = {373--382}
}
@article{li2018community,
	title        = {Community detection using attribute homogenous motif},
	author       = {Li, Pei-Zhen and Huang, Ling and Wang, Chang-Dong and Huang, Dong and Lai, Jian-Huang},
	year         = 2018,
	journal      = {IEEE Access},
	publisher    = {IEEE},
	volume       = 6,
	pages        = {47707--47716}
}
@article{li2018discriminative,
	title        = {Discriminative metric learning for multi-view graph partitioning},
	author       = {Li, Juan-Hui and Wang, Chang-Dong and Li, Pei-Zhen and Lai, Jian-Huang},
	year         = 2018,
	journal      = {Pattern Recognition},
	publisher    = {Elsevier},
	volume       = 75,
	pages        = {199--213}
}
@inproceedings{huang2018harmonic,
	title        = {A harmonic motif modularity approach for multi-layer network community detection},
	author       = {Huang, Ling and Wang, Chang-Dong and Chao, Hong-Yang},
	year         = 2018,
	booktitle    = {2018 IEEE International Conference on Data Mining (ICDM)},
	pages        = {1043--1048},
	organization = {IEEE}
}
@inproceedings{de2011generalized,
	title        = {Generalized louvain method for community detection in large networks},
	author       = {De Meo, Pasquale and Ferrara, Emilio and Fiumara, Giacomo and Provetti, Alessandro},
	year         = 2011,
	booktitle    = {2011 11th International Conference on Intelligent Systems Design and Applications},
	pages        = {88--93},
	organization = {IEEE}
}
@article{chen2014cim,
	title        = {CIM: Community-based influence maximization in social networks},
	author       = {Chen, Yi-Cheng and Zhu, Wen-Yuan and Peng, Wen-Chih and Lee, Wang-Chien and Lee, Suh-Yin},
	year         = 2014,
	journal      = {ACM Transactions on Intelligent Systems and Technology (TIST)},
	publisher    = {ACM New York, NY, USA},
	volume       = 5,
	number       = 2,
	pages        = {1--31}
}
@article{zhang2014cap,
	title        = {CAP: Community activity prediction based on big data analysis},
	author       = {Zhang, Yin and Chen, Min and Mao, Shiwen and Hu, Long and Leung, Victor CM},
	year         = 2014,
	journal      = {Ieee Network},
	publisher    = {IEEE},
	volume       = 28,
	number       = 4,
	pages        = {52--57}
}
@article{li2014comparative,
	title        = {A comparative analysis of evolutionary and memetic algorithms for community detection from signed social networks},
	author       = {Li, Yadong and Liu, Jing and Liu, Chenlong},
	year         = 2014,
	journal      = {Soft Computing},
	publisher    = {Springer},
	volume       = 18,
	number       = 2,
	pages        = {329--348}
}
@article{cai2014discrete,
	title        = {Discrete particle swarm optimization for identifying community structures in signed social networks},
	author       = {Cai, Qing and Gong, Maoguo and Shen, Bo and Ma, Lijia and Jiao, Licheng},
	year         = 2014,
	journal      = {Neural Networks},
	publisher    = {Elsevier},
	volume       = 58,
	pages        = {4--13}
}
@article{wang2013discovering,
	title        = {Discovering and profiling overlapping communities in location-based social networks},
	author       = {Wang, Zhu and Zhang, Daqing and Zhou, Xingshe and Yang, Dingqi and Yu, Zhiyong and Yu, Zhiwen},
	year         = 2013,
	journal      = {IEEE Transactions on Systems, Man, and Cybernetics: Systems},
	publisher    = {IEEE},
	volume       = 44,
	number       = 4,
	pages        = {499--509}
}
@article{wang2013neiwalk,
	title        = {NEIWalk: community discovery in dynamic content-based networks},
	author       = {Wang, Chang-Dong and Lai, Jian-Huang and Philip, S Yu},
	year         = 2013,
	journal      = {IEEE transactions on knowledge and data engineering},
	publisher    = {IEEE},
	volume       = 26,
	number       = 7,
	pages        = {1734--1748}
}
@inproceedings{shi2015community,
	title        = {Community detection in social network with pairwisely constrained symmetric non-negative matrix factorization},
	author       = {Shi, Xiaohua and Lu, Hongtao and He, Yangchen and He, Shan},
	year         = 2015,
	booktitle    = {Proceedings of the 2015 IEEE/ACM International Conference on Advances in Social Networks Analysis and Mining 2015},
	pages        = {541--546}
}
@article{yang2015active,
	title        = {Active link selection for efficient semi-supervised community detection},
	author       = {Yang, Liang and Jin, Di and Wang, Xiao and Cao, Xiaochun},
	year         = 2015,
	journal      = {Scientific reports},
	publisher    = {Nature Publishing Group},
	volume       = 5,
	pages        = 9039
}
@article{lee2013improved,
	title        = {Improved network community structure improves function prediction},
	author       = {Lee, Juyong and Gross, Steven P and Lee, Jooyoung},
	year         = 2013,
	journal      = {Scientific reports},
	publisher    = {Nature Publishing Group},
	volume       = 3,
	pages        = 2197
}
@inproceedings{whang2012scalable,
	title        = {Scalable and memory-efficient clustering of large-scale social networks},
	author       = {Whang, Joyce Jiyoung and Sui, Xin and Dhillon, Inderjit S},
	year         = 2012,
	booktitle    = {2012 IEEE 12th International Conference on Data Mining},
	pages        = {705--714},
	organization = {IEEE}
}
@inproceedings{rees2010overlapping,
	title        = {Overlapping community detection by collective friendship group inference},
	author       = {Rees, Bradley S and Gallagher, Keith B},
	year         = 2010,
	booktitle    = {2010 International Conference on Advances in Social Networks Analysis and Mining},
	pages        = {375--379},
	organization = {IEEE}
}
@article{zhang2015evaluating,
	title        = {Evaluating accuracy of community detection using the relative normalized mutual information},
	author       = {Zhang, Pan},
	year         = 2015,
	journal      = {Journal of Statistical Mechanics: Theory and Experiment},
	publisher    = {IOP Publishing},
	volume       = 2015,
	number       = 11,
	pages        = {P11006}
}
@inproceedings{miyauchi2015network,
	title={What is a network community? A novel quality function and detection algorithms},
	author={Miyauchi, Atsushi and Kawase, Yasushi},
	booktitle={Proceedings of the 24th ACM International on Conference on Information and Knowledge Management},
	pages={1471--1480},
	year={2015}
}
@inproceedings{soundarajan2012using,
	title        = {Using community information to improve the precision of link prediction methods},
	author       = {Soundarajan, Sucheta and Hopcroft, John},
	year         = 2012,
	booktitle    = {Proceedings of the 21st International Conference on World Wide Web},
	pages        = {607--608}
}
@article{larremore2014efficiently,
	title        = {Efficiently inferring community structure in bipartite networks},
	author       = {Larremore, Daniel B and Clauset, Aaron and Jacobs, Abigail Z},
	year         = 2014,
	journal      = {Physical Review E},
	publisher    = {APS},
	volume       = 90,
	number       = 1,
	pages        = 12805
}
@article{wang2013fuzzy,
	title        = {Fuzzy overlapping community detection based on local random walk and multidimensional scaling},
	author       = {Wang, Wenjun and Liu, Dong and Liu, Xiao and Pan, Lin},
	year         = 2013,
	journal      = {Physica A: Statistical Mechanics and its Applications},
	publisher    = {Elsevier},
	volume       = 392,
	number       = 24,
	pages        = {6578--6586}
}
@article{jiang2013efficient,
	title        = {An efficient community detection method based on rank centrality},
	author       = {Jiang, Yawen and Jia, Caiyan and Yu, Jian},
	year         = 2013,
	journal      = {Physica A: statistical mechanics and its applications},
	publisher    = {Elsevier},
	volume       = 392,
	number       = 9,
	pages        = {2182--2194}
}
@article{jiang2014efficient,
	title        = {An efficient community detection algorithm using greedy surprise maximization},
	author       = {Jiang, Yawen and Jia, Caiyan and Yu, Jian},
	year         = 2014,
	journal      = {Journal of Physics A: Mathematical and Theoretical},
	publisher    = {IOP Publishing},
	volume       = 47,
	number       = 16,
	pages        = 165101
}
@inproceedings{satuluri2011local,
	title        = {Local graph sparsification for scalable clustering},
	author       = {Satuluri, Venu and Parthasarathy, Srinivasan and Ruan, Yiye},
	year         = 2011,
	booktitle    = {Proceedings of the 2011 ACM SIGMOD International Conference on Management of data},
	pages        = {721--732}
}
@inproceedings{zhou2010clustering,
	title        = {Clustering large attributed graphs: An efficient incremental approach},
	author       = {Zhou, Yang and Cheng, Hong and Yu, Jeffrey Xu},
	year         = 2010,
	booktitle    = {2010 IEEE International Conference on Data Mining},
	pages        = {689--698},
	organization = {IEEE}
}
@article{pan2010detecting,
	title        = {Detecting community structure in complex networks via node similarity},
	author       = {Pan, Ying and Li, De-Hua and Liu, Jian-Guo and Liang, Jing-Zhang},
	year         = 2010,
	journal      = {Physica A: Statistical Mechanics and its Applications},
	publisher    = {Elsevier},
	volume       = 389,
	number       = 14,
	pages        = {2849--2857}
}
@article{piccardi2011finding,
	title        = {Finding and testing network communities by lumped Markov chains},
	author       = {Piccardi, Carlo},
	year         = 2011,
	journal      = {PloS one},
	publisher    = {Public Library of Science},
	volume       = 6,
	number       = 11
}
@article{xiang2015multi,
	title        = {Multi-resolution community detection based on generalized self-loop rescaling strategy},
	author       = {Xiang, Ju and Tang, Yan-Ni and Gao, Yuan-Yuan and Zhang, Yan and Deng, Ke and Xu, Xiao-Ke and Hu, Ke},
	year         = 2015,
	journal      = {Physica A: Statistical Mechanics and its Applications},
	publisher    = {Elsevier},
	volume       = 432,
	pages        = {127--139}
}
@inproceedings{cazabet2010detection,
	title        = {Detection of overlapping communities in dynamical social networks},
	author       = {Cazabet, Remy and Amblard, Frederic and Hanachi, Chihab},
	year         = 2010,
	booktitle    = {2010 IEEE second international conference on social computing},
	pages        = {309--314},
	organization = {IEEE}
}
@inproceedings{xu2011tracking,
	title        = {Tracking communities in dynamic social networks},
	author       = {Xu, Kevin S and Kliger, Mark and Hero, Alfred O},
	year         = 2011,
	booktitle    = {International Conference on Social Computing, Behavioral-Cultural Modeling, and Prediction},
	pages        = {219--226},
	organization = {Springer}
}
@inproceedings{xie2013labelrankt,
	title        = {LabelrankT: Incremental community detection in dynamic networks via label propagation},
	author       = {Xie, Jierui and Chen, Mingming and Szymanski, Boleslaw K},
	year         = 2013,
	booktitle    = {Proceedings of the Workshop on Dynamic Networks Management and Mining},
	pages        = {25--32}
}
@inproceedings{takaffoli2013incremental,
	title        = {Incremental local community identification in dynamic social networks},
	author       = {Takaffoli, Mansoureh and Rabbany, Reihaneh and Za{\"\i}ane, Osmar R},
	year         = 2013,
	booktitle    = {2013 IEEE/ACM International Conference on Advances in Social Networks Analysis and Mining (ASONAM 2013)},
	pages        = {90--94},
	organization = {IEEE}
}
@inproceedings{wang2013dynamic,
	title        = {Dynamic community detection in weighted graph streams},
	author       = {Wang, Chang-Dong and Lai, Jian-Huang and Yu, Philip S},
	year         = 2013,
	booktitle    = {Proceedings of the 2013 SIAM International Conference on Data Mining},
	pages        = {151--161},
	organization = {SIAM}
}
@inproceedings{greene2010tracking,
	title        = {Tracking the evolution of communities in dynamic social networks},
	author       = {Greene, Derek and Doyle, Donal and Cunningham, Padraig},
	year         = 2010,
	booktitle    = {2010 international conference on advances in social networks analysis and mining},
	pages        = {176--183},
	organization = {IEEE}
}
@inproceedings{dinh2013adaptive,
	title        = {An adaptive approximation algorithm for community detection in dynamic scale-free networks},
	author       = {Dinh, Thang N and Nguyen, Nam P and Thai, My T},
	year         = 2013,
	booktitle    = {2013 Proceedings IEEE INFOCOM},
	pages        = {55--59},
	organization = {IEEE}
}
@article{takaffoli2011community,
	title        = {Community evolution mining in dynamic social networks},
	author       = {Takaffoli, Mansoureh and Sangi, Farzad and Fagnan, Justin and Z{\"a}{\i}ane, Osmar R},
	year         = 2011,
	journal      = {Procedia-Social and Behavioral Sciences},
	publisher    = {Elsevier},
	volume       = 22,
	pages        = {49--58}
}
@article{folino2013evolutionary,
	title        = {An evolutionary multiobjective approach for community discovery in dynamic networks},
	author       = {Folino, Francesco and Pizzuti, Clara},
	year         = 2013,
	journal      = {IEEE Transactions on Knowledge and Data Engineering},
	publisher    = {IEEE},
	volume       = 26,
	number       = 8,
	pages        = {1838--1852}
}
@inproceedings{alvari2014community,
	title        = {Community detection in dynamic social networks: A game-theoretic approach},
	author       = {Alvari, Hamidreza and Hajibagheri, Alireza and Sukthankar, Gita},
	year         = 2014,
	booktitle    = {2014 IEEE/ACM International Conference on Advances in Social Networks Analysis and Mining (ASONAM 2014)},
	pages        = {101--107},
	organization = {IEEE}
}
@incollection{amelio2014overlapping,
	title        = {Overlapping community discovery methods: a survey},
	author       = {Amelio, Alessia and Pizzuti, Clara},
	year         = 2014,
	booktitle    = {Social Networks: Analysis and Case Studies},
	publisher    = {Springer},
	pages        = {105--125}
}
@inproceedings{natarajan2013community,
	title        = {Community detection in content-sharing social networks},
	author       = {Natarajan, Nagarajan and Sen, Prithviraj and Chaoji, Vineet},
	year         = 2013,
	booktitle    = {Proceedings of the 2013 IEEE/ACM international conference on advances in social networks analysis and mining},
	pages        = {82--89}
}
@article{zhao2012topic,
	title        = {Topic oriented community detection through social objects and link analysis in social networks},
	author       = {Zhao, Zhongying and Feng, Shengzhong and Wang, Qiang and Huang, Joshua Zhexue and Williams, Graham J and Fan, Jianping},
	year         = 2012,
	journal      = {Knowledge-Based Systems},
	publisher    = {Elsevier},
	volume       = 26,
	pages        = {164--173}
}
@article{xia2012community,
	title        = {Community detection based on a semantic network},
	author       = {Xia, Zhengyou and Bu, Zhan},
	year         = 2012,
	journal      = {Knowledge-Based Systems},
	publisher    = {Elsevier},
	volume       = 26,
	pages        = {30--39}
}
@article{wu2012balanced,
	title        = {Balanced multi-label propagation for overlapping community detection in social networks},
	author       = {Wu, Zhi-Hao and Lin, You-Fang and Gregory, Steve and Wan, Huai-Yu and Tian, Sheng-Feng},
	year         = 2012,
	journal      = {Journal of Computer Science and Technology},
	publisher    = {Springer},
	volume       = 27,
	number       = 3,
	pages        = {468--479}
}
@inproceedings{zadeh2015multi,
	title        = {A Multi-Population Cultural Algorithm for Community Detection in Social Networks.},
	author       = {Zadeh, Pooya Moradian and Kobti, Ziad},
	year         = 2015,
	booktitle    = {ANT/SEIT},
	pages        = {342--349}
}
@article{nikolaev2015efficient,
	title        = {On efficient use of entropy centrality for social network analysis and community detection},
	author       = {Nikolaev, Alexander G and Razib, Raihan and Kucheriya, Ashwin},
	year         = 2015,
	journal      = {Social Networks},
	publisher    = {Elsevier},
	volume       = 40,
	pages        = {154--162}
}
@article{dong2012clustering,
	title        = {Clustering with multi-layer graphs: A spectral perspective},
	author       = {Dong, Xiaowen and Frossard, Pascal and Vandergheynst, Pierre and Nefedov, Nikolai},
	year         = 2012,
	journal      = {IEEE Transactions on Signal Processing},
	publisher    = {IEEE},
	volume       = 60,
	number       = 11,
	pages        = {5820--5831}
}
@article{gong2012community,
	title        = {Community detection in networks by using multiobjective evolutionary algorithm with decomposition},
	author       = {Gong, Maoguo and Ma, Lijia and Zhang, Qingfu and Jiao, Licheng},
	year         = 2012,
	journal      = {Physica A: Statistical Mechanics and its Applications},
	publisher    = {Elsevier},
	volume       = 391,
	number       = 15,
	pages        = {4050--4060}
}
@article{spielman2013local,
	title        = {A local clustering algorithm for massive graphs and its application to nearly linear time graph partitioning},
	author       = {Spielman, Daniel A and Teng, Shang-Hua},
	year         = 2013,
	journal      = {SIAM Journal on computing},
	publisher    = {SIAM},
	volume       = 42,
	number       = 1,
	pages        = {1--26}
}
@inproceedings{liu2013large,
	title        = {Large-scale spectral clustering on graphs},
	author       = {Liu, Jialu and Wang, Chi and Danilevsky, Marina and Han, Jiawei},
	year         = 2013,
	booktitle    = {Twenty-Third International Joint Conference on Artificial Intelligence}
}
@inproceedings{jin2018robust,
	title        = {Robust detection of link communities in large social networks by exploiting link semantics},
	author       = {Jin, Di and Wang, Xiaobao and He, Ruifang and He, Dongxiao and Dang, Jianwu and Zhang, Weixiong},
	year         = 2018,
	booktitle    = {Thirty-Second AAAI Conference on Artificial Intelligence}
}
@article{cheng2010uncovering,
	title        = {Uncovering the community structure associated with the diffusion dynamics on networks},
	author       = {Cheng, Xue-Qi and Shen, Hua-Wei},
	year         = 2010,
	journal      = {Journal of Statistical Mechanics: Theory and Experiment},
	publisher    = {IOP Publishing},
	volume       = 2010,
	number       = 4,
	pages        = {P04024}
}

@article{aldecoa2011deciphering,
	title={Deciphering network community structure by surprise},
	author={Aldecoa, Rodrigo and Mar{\'\i}n, Ignacio},
	journal={PloS one},
	volume={6},
	number={9},
	year={2011},
	publisher={Public Library of Science}
}







%
% Related works in the experiement section
%




@inproceedings{grover2016node2vec,
	title={node2vec: Scalable feature learning for networks},
	author={Grover, Aditya and Leskovec, Jure},
	booktitle={Proceedings of the 22nd ACM SIGKDD International Conference on Knowledge Discovery and Data Mining},
	pages={855--864},
	year={2016},
	organization={ACM}
}

@inproceedings{mnih2008probabilistic,
	title={Probabilistic matrix factorization},
	author={Mnih, Andriy and Salakhutdinov, Ruslan R},
	booktitle={Advances in neural information processing systems},
	pages={1257--1264},
	year={2008}
}
@inproceedings{pan2013gbpr,
	title={GBPR: Group Preference Based Bayesian Personalized Ranking for One-Class Collaborative Filtering.},
	author={Pan, Weike and Chen, Li},
	booktitle={IJCAI},
	volume={13},
	pages={2691--2697},
	year={2013}
}
@inproceedings{he2016fast,
	title={Fast matrix factorization for online recommendation with implicit feedback},
	author={He, Xiangnan and Zhang, Hanwang and Kan, Min-Yen and Chua, Tat-Seng},
	booktitle={Proceedings of the 39th International ACM SIGIR conference on Research and Development in Information Retrieval},
	pages={549--558},
	year={2016},
	organization={ACM}
}
@article{xu2019gromov,
	title={Gromov-Wasserstein Factorization Models for Graph Clustering},
	author={Xu, Hongteng},
	journal={arXiv preprint arXiv:1911.08530},
	year={2019}
}

@article{wolpert1997no,
	title={No free lunch theorems for optimization},
	author={Wolpert, David H and Macready, William G},
	journal={IEEE transactions on evolutionary computation},
	volume={1},
	number={1},
	pages={67--82},
	year={1997},
	publisher={IEEE}
}

@inproceedings{eaton2012spin,
	title={A spin-glass model for semi-supervised community detection.},
	author={Eaton, Eric and Mansbach, Rachael},
	booktitle={AAAI},
	pages={900--906},
	year={2012}
}
@article{clauset2004finding,
	title={Finding community structure in very large networks},
	author={Clauset, Aaron and Newman, Mark EJ and Moore, Cristopher},
	journal={Physical review E},
	volume={70},
	number={6},
	pages={066111},
	year={2004},
	publisher={APS}
}

@article{blondel2008fast,
	title={Fast unfolding of communities in large networks},
	author={Blondel, Vincent D and Guillaume, Jean-Loup and Lambiotte, Renaud and Lefebvre, Etienne},
	journal={Journal of statistical mechanics: theory and experiment},
	volume={2008},
	number={10},
	pages={P10008},
	year={2008},
	publisher={IOP Publishing}
}
@inproceedings{pons2005computing,
	title={Computing communities in large networks using random walks},
	author={Pons, Pascal and Latapy, Matthieu},
	booktitle={International Symposium on Computer and Information Sciences},
	pages={284--293},
	year={2005},
	organization={Springer}
}
@inproceedings{perozzi2014deepwalk,
	title={Deepwalk: Online learning of social representations},
	author={Perozzi, Bryan and Al-Rfou, Rami and Skiena, Steven},
	booktitle={Proceedings of the 20th ACM SIGKDD international conference on Knowledge discovery and data mining},
	pages={701--710},
	year={2014},
	organization={ACM}
}

@article{burges2010ranknet,
	title={From ranknet to lambdarank to lambdamart: An overview},
	author={Burges, Christopher JC},
	journal={Learning},
	volume={11},
	number={23-581},
	pages={81},
	year={2010}
}

@inproceedings{castrillo2017fast,
	title={Fast Heuristic Algorithm for Multi-scale Hierarchical Community Detection},
	author={Castrillo, Eduar and Le{\'o}n, Elizabeth and G{\'o}mez, Jonatan},
	booktitle={Proceedings of the 2017 IEEE/ACM International Conference on Advances in Social Networks Analysis and Mining 2017},
	pages={982--989},
	year={2017},
	organization={ACM}
}

@article{chamberlain2018real,
	title={Real-time community detection in full social networks on a laptop},
	author={Chamberlain, Benjamin Paul and Levy-Kramer, Josh and Humby, Clive and Deisenroth, Marc Peter},
	journal={PloS one},
	volume={13},
	number={1},
	pages={e0188702},
	year={2018},
	publisher={Public Library of Science}
}

@inproceedings{sutskever2011generating,
	title={Generating text with recurrent neural networks},
	author={Sutskever, Ilya and Martens, James and Hinton, Geoffrey E},
	booktitle={Proceedings of the 28th International Conference on Machine Learning (ICML-11)},
	pages={1017--1024},
	year={2011}
}

@inproceedings{li2017neural,
	title={Neural rating regression with abstractive tips generation for recommendation},
	author={Li, Piji and Wang, Zihao and Ren, Zhaochun and Bing, Lidong and Lam, Wai},
	booktitle={Proceedings of the 40th International ACM SIGIR conference on Research and Development in Information Retrieval},
	pages={345--354},
	year={2017},
	organization={ACM}
}
@inproceedings{wang2017opinion,
	title={Opinion recommendation using a neural model},
	author={Wang, Zhongqing and Zhang, Yue},
	booktitle={Proceedings of the 2017 Conference on Empirical Methods in Natural Language Processing},
	pages={1626--1637},
	year={2017}
}
@article{blume2008rationality,
	title={Rationality},
	author={Blume, Lawrence E and Easley, David},
	journal={The new Palgrave dictionary of economics},
	volume={6},
	pages={884--893},
	year={2008},
	publisher={Palgrave Macmillan Basingstoke}
}
@article{brouwer2017choice,
	title={Choice consistency and preference stability in test-retests of discrete choice experiment and open-ended willingness to pay elicitation formats},
	author={Brouwer, Roy and Logar, Ivana and Sheremet, Oleg},
	journal={Environmental and Resource Economics},
	volume={68},
	number={3},
	pages={729--751},
	year={2017},
	publisher={Springer}
}

@article{nasrabadi2007pattern,
	title={Pattern recognition and machine learning},
	author={Nasrabadi, Nasser M},
	journal={Journal of electronic imaging},
	volume={16},
	number={4},
	pages={049901},
	year={2007},
	publisher={International Society for Optics and Photonics}
}
@inproceedings{vinyals2015pointer,
	title={Pointer networks},
	author={Vinyals, Oriol and Fortunato, Meire and Jaitly, Navdeep},
	booktitle={Advances in neural information processing systems},
	pages={2692--2700},
	year={2015}
}
@article{gu2016incorporating,
	title={Incorporating copying mechanism in sequence-to-sequence learning},
	author={Gu, Jiatao and Lu, Zhengdong and Li, Hang and Li, Victor OK},
	journal={arXiv preprint arXiv:1603.06393},
	year={2016}
}

@article{lancichinetti2008benchmark,
	title={Benchmark graphs for testing community detection algorithms},
	author={Lancichinetti, Andrea and Fortunato, Santo and Radicchi, Filippo},
	journal={Physical review E},
	volume={78},
	number={4},
	pages={046110},
	year={2008},
	publisher={APS}
}
@inproceedings{tang2015line,
	title={Line: Large-scale information network embedding},
	author={Tang, Jian and Qu, Meng and Wang, Mingzhe and Zhang, Ming and Yan, Jun and Mei, Qiaozhu},
	booktitle={Proceedings of the 24th international conference on world wide web},
	pages={1067--1077},
	year={2015}
}